1355 2653
191 375 245 402 436
489 373 511 396 S.
534 373 645 396 Aureli
667 373 844 403 Augustini

190 455 324 488 infirmior,
347 462 395 482 nec
417 454 540 482 innocens
558 454 659 482 inuitus
677 454 761 490 uirgis
781 454 926 482 caedendus
947 456 996 488 est,
1016 463 1049 483 ne
1068 455 1136 482 alius

191 499 332 527 occidatur.
362 499 448 534 plane,
470 499 494 525 si
519 499 608 532 uelint,
631 499 685 532 fiat,
706 499 767 533 quia
786 507 834 527 nec
851 499 999 532 laeduntur,
1017 507 1079 527 eum
1098 499 1138 527 ita

191 544 293 571 uolunt.

228 588 260 615 X.
287 587 339 614 Sed
364 588 453 614 utrum
480 587 560 614 etiam
586 587 700 615 uolentis
726 586 797 614 fama
822 586 889 614 falso
915 587 1001 622 stupri
1026 587 1137 615 crimine

190 630 316 659 laedenda
335 631 378 664 sit,
397 633 429 658 ut
447 631 479 658 ab
498 630 607 658 alterius
623 638 728 665 corpore
744 632 865 665 stuprum
884 632 1026 664 auertntur,
1040 639 1138 667 magna
1159 640 1170 657 ι

192 676 310 710 quaestio
340 676 389 702 est.
428 676 455 702 et
483 675 581 706 nescio,
607 676 697 702 utrum
722 674 799 702 facile
825 675 976 710 reperiatur,
1003 675 1136 711 quomodo

191 720 291 747 iustum
310 719 346 746 sit
363 719 477 747 uolentis
496 719 591 746 famam
611 719 678 747 falso
694 719 779 754 stupri
794 719 901 746 crimine
915 719 1041 747 maculari
1056 727 1135 754 quam

191 765 249 799 ipso
269 765 360 799 stupro
380 771 473 798 corpus
492 763 577 791 inuiti.

229 809 271 835 17.
292 807 342 835 Sed
362 809 448 835 tamen
468 808 491 834 si
510 808 571 835 talis
591 807 662 842 optio
682 809 869 842 proponerem
887 807 920 840 ei,
940 807 987 842 qui
1004 807 1136 835 turificare

191 852 268 880 idolis
292 861 368 887 quam
391 852 530 879 muliebria
551 851 653 886 perpeti
671 851 774 884 maluit,
793 853 833 885 ut,
852 851 876 879 si
892 850 961 879 illud
979 851 1063 880 uellet
1080 852 1136 879 eui-
1149 860 1173 878 ιο

191 899 253 928 tere,
278 896 373 923 famam
401 896 498 923 Christi
525 896 612 931 aliquo
642 896 778 923 mendacio
804 896 924 929 uiolaret,
949 896 1135 925 insanissimus

191 942 269 973 esset,
300 938 326 967 si
353 940 457 968 faceret.
494 940 555 974 plus
582 940 661 967 etiam
688 940 755 973 dico,
783 940 845 975 quia
869 940 977 968 insanus
1003 942 1084 973 esset,
1111 940 1134 967 si

191 985 289 1012 alienae
314 984 431 1011 libidinis
458 984 595 1011 euitandae
622 992 709 1016 causa,
735 993 767 1011 ne
792 984 820 1012 id
845 984 872 1012 in
898 992 929 1012 eo
954 984 1037 1018 fieret,
1063 984 1135 1019 quod

191 1030 261 1056 nulla
282 1037 330 1056 sua
351 1029 458 1056 libidine
481 1030 621 1064 pateretur,
638 1028 736 1056 Christi
755 1028 920 1064 euangelium
940 1028 1014 1056 falsis
1034 1028 1134 1056 Christi

190 1073 312 1100 laudibus
342 1072 485 1105 infalsaret,
512 1073 596 1108 magis
624 1072 726 1100 enitens
751 1072 863 1100 alienam
889 1072 1081 1107 corruptionem
1106 1073 1132 1101 in
1149 1082 1171 1099 ιι

191 1125 298 1152 corpore
317 1125 365 1144 suo
385 1125 463 1151 quam
482 1117 508 1144 in
528 1117 645 1144 doctrina
663 1116 876 1144 sanctificationis
891 1117 1033 1144 animarum
1054 1119 1134 1151 atque

191 1169 328 1196 corporum
344 1161 535 1196 corruptionem
550 1169 633 1188 susm.
654 1160 821 1195 quamobrem
836 1168 852 1188 a
867 1160 984 1188 doetrina
997 1161 1134 1196 religionis

191 1208 268 1240 etque
290 1205 323 1233 ab
346 1205 384 1233 eis
403 1205 508 1233 omnino
528 1205 760 1238 enuntiationibus,
779 1213 845 1240 quae
863 1206 971 1240 propter
987 1205 1134 1232 doctrinam

190 1250 324 1284 religionis
355 1250 530 1282 enuntiantur,
557 1257 617 1276 cum
644 1249 690 1277 illa
716 1249 824 1277 docetur
850 1251 877 1276 et
903 1249 1021 1281 discitur,
1048 1250 1134 1277 omnis

190 1294 295 1328 penitus
321 1293 458 1320 mendacia
481 1293 640 1321 remouenda
666 1294 739 1325 sunt;
770 1300 818 1320 nec
843 1292 898 1320 ulla
925 1292 1029 1320 omnino
1054 1300 1136 1320 causa
1149 1303 1173 1319 ιο

190 1337 300 1365 inueniri
322 1346 401 1372 posse
420 1337 547 1369 credatur,
567 1345 613 1364 cur
630 1337 657 1364 iu
677 1337 755 1364 rebus
774 1337 873 1365 talibus
891 1336 1070 1365 mentiendum
1089 1337 1134 1370 sit,

191 1381 293 1416 quando
317 1389 364 1409 nec
387 1381 446 1408 ideo
468 1381 494 1408 in
518 1389 547 1408 ea
570 1381 687 1408 doctrina
709 1381 886 1409 mentiendum
907 1382 956 1414 est,
975 1383 1007 1409 ut
1024 1381 1057 1409 ad
1075 1389 1134 1408 earn

191 1426 275 1460 ipsam
302 1425 412 1460 quisque
437 1424 542 1452 facilius
567 1425 733 1459 perducatur.
766 1425 850 1452 fracta
875 1424 945 1452 enim
971 1425 1015 1453 uel
1039 1425 1136 1453 leuiter

191 1469 320 1496 diminuta
341 1469 495 1496 auctoritate
518 1469 639 1496 ueritatis
658 1469 746 1496 omnia
764 1468 844 1496 dubia
861 1469 1042 1497 remanebunt:
1065 1476 1134 1504 quae

190 1514 241 1540 nisi
259 1521 321 1540 uera
341 1513 484 1545 credantur,
503 1513 587 1540 teneri
606 1514 678 1540 certa
695 1520 746 1540 uon
765 1514 886 1547 possunt.
907 1513 973 1540 licet
989 1513 1073 1549 igitur
1089 1513 1134 1540 uel
1148 1523 1171 1541 :s

191 1557 325 1584 dissertori
347 1564 377 1584 ac
401 1557 556 1592 disputatori
578 1559 657 1591 atque
676 1556 847 1592 praedicatori
865 1564 952 1584 rerum
971 1559 1133 1584 aeternarum

216 1693 231 1715 ·1
250 1692 361 1716 cedendas
377 1696 400 1723 βῐ
466 1694 479 1716 5
494 1692 592 1716 ledenda
606 1692 650 1716 RS
714 1693 728 1716 6
744 1695 818 1725 utrum
832 1693 899 1716 facile
914 1693 1038 1723 reperiatur
1052 1700 1095 1716 on.
1110 1693 1136 1716 F

190 1732 264 1758 utrum
279 1729 347 1761 &wile
361 1731 495 1760 (reperiatur
509 1732 561 1757 om.)
577 1730 599 1752 L
681 1730 820 1760 repperiatur
834 1730 886 1753 MR
900 1730 1003 1753 soluatur
1016 1730 1043 1752 ὄπ
1056 1737 1134 1753 uacuo

189 1767 266 1795 spatio
280 1774 308 1789 m.
325 1767 367 1794 αῖ.)
383 1766 403 1789 S
456 1767 469 1789 7
484 1767 537 1789 iust'
553 1766 583 1793 F,
600 1769 626 1794 (s.
643 1767 658 1790 1.
674 1767 698 1789 a}
712 1767 767 1796 tius)
782 1767 804 1789 L
858 1767 873 1789 8
887 1767 967 1789 inuitis
980 1766 1013 1789 Μ
1024 1767 1106 1789 inniti·
1117 1774 1132 1796 φ

192 1804 216 1826 11
234 1803 257 1826 in
273 1803 348 1832 aliquo
364 1802 408 1826 ΗΓ
490 1803 517 1826 12
534 1802 593 1832 quod
609 1802 635 1826 F
720 1798 749 1827 14
763 1803 857 1826 libidine
872 1810 913 1826 suu
927 1811 940 1833 τ
1041 1804 1069 1826 15
1084 1810 1134 1826 eor—

190 1840 337 1869 rumptionem
354 1839 374 1863 8
416 1840 444 1863 16
459 1840 632 1868 significationis
646 1842 657 1869 β
702 1841 729 1863 18
745 1842 826 1869 atquae
842 1847 857 1870 φ
908 1839 1034 1863 doctrinm
1049 1839 1132 1863 doetri-

190 1883 242 1898 num
256 1876 287 1899 M
331 1877 359 1899 19
374 1877 504 1899 enuntiatur
518 1876 550 1899 M
592 1877 621 1899 20
636 1877 726 1907 penitus
742 1877 761 1900 S
811 1877 865 1906 ulla]
881 1877 945 1899 nulla
959 1876 998 1905 8¹5
1037 1877 1066 1899 21
1079 1877 1133 1899 tali-

189 1912 231 1934 bus
246 1912 312 1935 rebus
327 1913 353 1936 F
387 1914 415 1936 22
431 1914 478 1936 sest
491 1913 522 1936 Μ
535 1913 566 1936 sit
578 1913 621 1937 ΕΓ
655 1914 683 1937 28
699 1914 757 1936 uelle
772 1914 832 1936 niter
842 1913 866 1937 Β
902 1914 931 1936 24
946 1913 1038 1936 demota
1049 1913 1132 1936 ΕΤΕΙ

191 1949 306 1972 deminuta
316 1950 384 1979 MR?
420 1950 450 1972 25
465 1950 584 1973 ereduntur
598 1957 653 1973 nera
663 1957 675 1979 γ
720 1957 764 1973 non
780 1952 873 1980 possunt
888 1952 973 1979 certa-T
1014 1950 1044 1973 2⁶
1055 1950 1132 1980 atque]

190 1993 217 2009 nc
232 1985 256 2008 F
313 1988 554 2010 aeternarum—rerum
571 1994 613 2009 om.
628 1987 649 2016 γ’
