1355 2653
279 352 333 379 548
568 350 591 372 S.
612 349 725 372 Aureli
747 349 928 378 Augustini

316 431 349 458 X.
370 431 412 457 11.
431 430 466 457 Et
488 430 607 465 sequitur
629 431 656 456 et
674 429 803 464 adiungit.
822 437 853 456 ne
873 429 940 456 forte
958 429 1099 464 quisquam
1117 430 1227 458 arbitre-

279 477 323 502 tur
346 475 406 502 ideo
432 482 483 501 non
510 481 570 501 eum
597 473 739 508 accepisse,
766 472 828 507 quia
852 473 893 500 illi
921 480 972 501 non
1000 472 1136 501 dederant:
1165 481 1226 501 non

280 520 391 547 autem
414 518 539 553 scripsi
559 518 647 550 haec,
667 518 704 544 ut
721 517 770 544 ita
788 517 878 544 fiant
894 517 927 544 in
946 525 1009 549 mn
1032 518 1154 545 bonnm
1174 520 1227 545 est

279 563 361 590 mihi
388 562 496 597 magis
523 562 605 589 mori
631 570 727 597 quam
755 562 898 597 gloriam
920 569 1022 589 meam
1045 561 1226 597 quisquam

279 608 408 634 inanem
434 606 549 634 faciat.
584 614 662 640 quam
690 606 817 640 gloriam?
839 605 891 633 nisi
914 613 993 640 quam
1020 605 1115 633 habere
1137 606 1258 633 uoluit*

279 650 349 686 apud
364 650 452 683 deum,
471 650 497 677 in
518 650 622 677 Christo
642 650 793 684 conpatiens
811 649 931 682 infirmis,
950 650 1021 677 sicut
1038 657 1098 677 mox
1115 650 1227 685 apertis-

280 695 346 733 sime
365 694 484 722 dicturus
503 696 553 721 est.
573 694 602 721 si
625 694 710 721 enim
733 693 1028 729 euangeHsauero,
1046 693 1142 729 inquit,
1162 702 1225 722 non

280 740 334 766 est
359 738 440 765 mihi
468 738 594 773 gloria;
621 737 813 765 necessitas
836 737 922 765 enim
944 737 1026 765 mihi
1048 737 1224 771 incumbit.

279 783 307 810 id
330 784 379 810 est.
394 781 579 810 sustentandae
598 781 678 808 huius
697 781 778 810 uitae.
798 789 858 810 uae
882 781 968 809 enim
989 781 1070 809 mihi
1093 781 1170 815 erit,
1187 782 1224 809 in-

280 827 346 862 quit,
367 826 395 854 si
414 834 475 853 non
495 825 788 860 euangelizauero‚
807 825 835 853 id
854 827 896 853 est
914 825 983 853 malo
1002 833 1061 853 mco
1080 833 1132 853 non
1148 833 1222 853 euan-
1235 834 1255 851 ιο

279 870 406 906 gelizabo,
430 870 492 905 quia
513 870 582 896 fame
612 869 748 896 cruciabor
773 870 801 896 et
826 869 894 897 unde
920 869 1010 897 uiuam
1036 877 1087 897 non
1113 869 1222 897 habebo.

280 923 339 942 nam
364 914 483 949 sequitur
505 915 533 941 et
555 913 630 940 dicit:
655 913 684 940 si
708 913 792 940 enim
812 913 931 941 nolens
950 913 1011 941 hoc
1029 913 1129 946 facio,
1149 921 1222 941 rner-

280 959 391 986 cedem
417 958 531 985 habeo.
565 958 697 984 uolentem
724 965 753 985 se
779 957 843 985 dicit
869 957 962 990 facere.
989 957 1046 985 sine
1071 958 1129 985 ulla
1155 958 1221 986 uitae

279 1002 359 1030 huius
378 1001 523 1029 fulciendae
542 1001 700 1028 necessitate
720 1001 863 1036 conpulsus
877 1001 950 1033 facit,
966 1002 993 1028 et
1007 1001 1041 1028 ob
1060 1001 1112 1028 hoc
1130 1002 1221 1029 habere

280 1046 434 1078 mercedem,
450 1046 542 1079 utique
562 1046 632 1080 apud
651 1045 728 1072 deum
748 1045 845 1080 gloriae
864 1045 1046 1080 sempiternae.
1066 1046 1095 1073 si
1114 1047 1247 1074 autema

279 1090 426 1121 inuitus.
445 1089 537 1124 inquit,
558 1089 771 1124 dispensatio
794 1089 873 1116 mihi
896 1088 1028 1116 credita
1050 1091 1112 1122 est,
1134 1090 1163 1117 id
1185 1092 1222 1117 est

280 1134 304 1161 si
326 1133 482 1161 necessitate
508 1133 690 1168 transigendae
716 1133 796 1160 huius
819 1133 889 1160 uitae
914 1133 1016 1160 inuitus
1042 1141 1123 1169 cogor
1149 1142 1221 1161 euan-

281 1177 401 1213 gelizare,
425 1177 640 1212 dispensatio
667 1177 749 1204 mihi
775 1177 905 1204 credita
930 1179 990 1209 est,
1012 1178 1045 1204 ut
1070 1177 1175 1205 scilicet
1195 1185 1221 1205 ex

280 1222 475 1256 dispensatione
501 1229 568 1254 mea,
592 1221 654 1256 quia
676 1221 820 1253 Christum,
843 1221 905 1256 quia
930 1221 1069 1248 ueritatem
1095 1221 1221 1256 praedico,

280 1265 401 1300 quamuis
421 1273 451 1292 er
470 1265 615 1297 occasione.
631 1265 753 1300 quamuis
768 1273 828 1292 mea
842 1273 976 1299 quaerens,
992 1265 1115 1300 quamuis
1130 1265 1221 1293 terreni
1232 1271 1250 1289 ι·

280 1309 451 1337 emolumenti
474 1309 630 1336 necessitate
654 1309 806 1343 conpulsus,
828 1309 874 1336 alii
895 1309 1040 1344 proficiant,
1063 1317 1114 1345 ego
1136 1310 1221 1337 autem

280 1353 425 1380 mercedem
452 1353 521 1388 apud
548 1353 625 1380 deum
652 1353 794 1389 gloriosam
819 1353 893 1380 illam
915 1354 1154 1389 sempiternamque
1175 1362 1221 1381 non

354 1461 368 1483 2
388 1460 400 1483 Ι
419 1460 468 1483 Cor.
489 1461 510 1487 9.
532 1461 560 1483 1⁶
628 1461 641 1483 7
659 1461 671 1483 1
690 1461 740 1484 Cor.
759 1461 781 1488 9,
801 1461 829 1483 16
897 1461 924 1484 12
942 1461 954 1483 1
973 1460 1022 1485 Cor.
1042 1461 1063 1487 9.
1084 1461 1112 1484 17
1168 1462 1195 1485 15
1212 1461 1221 1483 1

281 1496 331 1520 Cor.
348 1497 369 1523 9.
387 1497 412 1520 17

311 1556 321 1578 l
340 1555 369 1578 Et
383 1563 425 1578 om.
442 1555 467 1578 D
510 1556 524 1578 2
540 1562 590 1578 enm
605 1563 650 1578 non
661 1556 717 1579 Ded
774 1563 818 1578 non
835 1556 944 1579 dederant
958 1556 992 1579 illi
1003 1556 1058 1579 ΒΜ
1070 1564 1115 1580 non
1132 1557 1225 1580 deerant

280 1592 314 1614 illi
330 1592 387 1621 PVT
448 1592 540 1615 dederat
554 1592 578 1614 B
593 1592 713 1615 nie-derant
723 1593 746 1615 Δ
804 1599 850 1615 non
865 1594 941 1616 autem
952 1592 1004 1616 ideo
1014 1593 1111 1616 PBDV
1118 1601 1164 1616 non
1174 1594 1224 1617 ideo

282 1629 356 1651 antem
372 1628 402 1651 M
445 1629 459 1651 3
473 1628 566 1658 bonurn]
581 1629 661 1651 melius
676 1629 787 1658 PVDMY
830 1629 846 1651 4
860 1629 933 1658 magis
948 1630 1004 1652 mihi
1014 1629 1043 1653 N
1079 1630 1093 1653 6
1109 1629 1230 1653 dominum

281 1664 392 1691 PVDMT
452 1665 476 1687 in
491 1672 534 1688 om.
549 1665 573 1687 B
631 1665 739 1688 christum
754 1665 776 1688 B
833 1666 846 1688 7
862 1666 881 1688 si
897 1666 966 1695 enim]
982 1667 1036 1695 qnia
1049 1667 1085 1695 (in
1099 1669 1153 1696 aa.)
1169 1667 1194 1690 Ρ
1207 1666 1230 1690 si

281 1701 339 1723 enim
356 1702 408 1730 quia
427 1702 472 1724 VD
516 1701 530 1724 8
545 1702 600 1724 mihi
616 1702 688 1731 gloria
703 1704 738 1724 est
752 1702 783 1724 Μ
839 1702 898 1725 enim
913 1709 956 1725 on.
971 1702 1083 1731 PVDMT.
1132 1704 1146 1726 9
1163 1704 1235 1726 uiuo

280 1737 346 1760 huius
361 1737 440 1760 FDba
484 1745 523 1761 me
538 1738 563 1760 D
607 1738 650 1760 erit
664 1738 720 1760 milii
735 1738 765 1761 ba
779 1738 835 1761 mihi
850 1740 886 1761 est
899 1739 921 1761 Δ
968 1739 1044 1768 inquit
1057 1746 1100 1761 on.
1113 1739 1236 1769 PVDMf

282 1774 310 1796 10
325 1773 384 1796 malo
400 1773 459 1796 malo
474 1781 487 1803 γ
541 1775 566 1796 11
582 1774 654 1796 habeo
670 1774 704 1803 Δγ
761 1775 789 1797 la
803 1774 891 1797 habebo
907 1775 936 1798 Μ
993 1775 1041 1797 sine
1056 1775 1112 1804 ulla]
1127 1776 1147 1797 ιί
1163 1777 1242 1799 null»

281 1810 383 1832 ABDba
438 1811 467 1833 14
482 1810 600 1839 conpulsus
616 1810 672 1833 facit
686 1817 728 1834 om.
743 1810 774 1833 Π
832 1811 871 1840 ob]
887 1811 915 1834 sb
930 1811 953 1833 L
1009 1812 1036 1834 16
1051 1812 1137 1834 inuitus
1153 1819 1199 1835 οιι.
1213 1818 1235 1841 τ

282 1847 308 1869 17
324 1846 467 1869 transiendae
486 1847 508 1869 V
564 1847 625 1870 uitae
640 1847 706 1869 huius
720 1847 751 1869 M
795 1848 822 1870 19
838 1855 904 1877 qnam
919 1847 1032 1872 Christum
1047 1847 1124 1871 PDM
1173 1850 1238 1878 qui-

282 1889 324 1905 om.
339 1882 367 1905 N
422 1883 452 1905 20
467 1883 569 1912 quamuis
580 1883 623 1912 fin.
640 1890 682 1906 om.
698 1883 728 1906 Μ
785 1884 812 1907 21
829 1884 987 1907 aemolumenti
1005 1884 1037 1914 VT
1103 1885 1155 1907 aliis
1171 1882 1241 1908 ΒΚ
1267 1902 1270 1904 Α

281 1919 394 1949 proficiam
414 1919 499 1949 VBM-s
514 1920 667 1949 prophet-ant
681 1920 703 1942 Ι,
746 1921 775 1943 22
791 1920 850 1950 apud
865 1920 930 1944 deum
944 1921 1068 1944 mercedem
1083 1921 1114 1944 bd
1165 1929 1233 1945 sem-

281 1957 391 1985 piternam
407 1955 448 1984 Μγ
