1355 2653
190 361 243 389 568
483 359 506 382 8.
528 358 641 382 Aureli
662 357 841 387 Augu-tini

187 439 357 474 operandi?
385 440 422 466 et:
450 447 507 466 non
533 447 640 466 eumue
666 439 716 466 usi
734 439 790 466 hac
810 440 976 473 potestate,
1005 440 1044 466 et:
1064 446 1132 466 curn

186 491 351 518 possemus
380 483 466 510 oneri
491 482 586 510 uobis
614 490 683 510 esse
709 484 745 509 ut
770 482 889 510 Christi
916 482 1064 517 apostoli,
1093 484 1130 509 et:

186 529 276 555 nocte
296 529 327 554 et
345 528 394 554 die
410 529 588 562 operantes,
607 535 642 554 ne
658 534 745 562 quern
761 528 901 554 uestrum
917 534 1131 562 manaremus,

186 574 223 599 et:
244 572 385 599 dominus
405 572 565 599 ordinauit
584 579 635 599 eos
655 572 707 606 qui
726 571 925 607 euangelium
940 571 1132 598 adnuntiant

186 615 222 642 de
250 615 415 650 euangelio
444 615 563 646 uiuere:
588 623 643 650 ego
663 616 764 642 autem
784 614 903 642 nullius
923 614 1033 642 horum
1052 622 1151 642 usust

186 667 252 686 sum
279 661 306 686 et
331 660 417 686 cetera
435 658 514 685 liuius
534 658 605 685 modi
624 660 670 685 aut
695 659 824 693 exponant
841 658 918 686 aliter
933 660 990 690 aut,
1017 658 1041 686 si
1060 666 1131 694 prae-

185 703 331 730 clarissima
355 703 414 731 luce
439 703 559 730 ueritatis
585 704 719 737 urgentur.
742 702 901 738 intellegant
926 704 954 730 et
977 702 1129 735 oboediant3

185 748 239 779 aut,
266 746 289 774 si
315 747 437 775 oboedire
462 747 507 774 uel
532 746 626 773 nolunt
651 747 695 774 uel
721 754 772 774 non
798 747 918 782 poeaunt,
944 746 1040 773 saltem
1059 747 1129 778 illos,

186 791 230 825 qui
257 791 359 823 uolunt,
386 791 516 823 meliores,
544 791 590 825 qui
616 792 704 818 autem
728 792 756 818 et
772 791 894 825 possunt,
921 790 1052 818 feliciores
1072 799 1130 818 ease

185 835 324 862 fateantur.
356 835 427 862 aliud
458 836 500 862 eat
530 834 597 862 enim
628 834 743 870 corporis
769 834 948 862 infimitatem
970 834 1014 862 uel
1040 842 1129 862 ueram
1143 844 1160 862 u

186 879 298 914 allegare
325 879 369 905 uel
394 879 489 906 falsam
515 878 692 913 praetendere,
719 878 793 906 aliud
816 879 904 906 autem
930 878 969 906 eie
995 879 1083 913 decipi
1104 879 1131 905 et

186 924 224 950 aie
251 922 378 957 decipere,
405 923 437 949 ut
460 922 567 957 insuper
593 922 652 949 ideo
679 922 802 949 uideatur
826 922 852 949 in
879 922 964 949 seruis
986 922 1029 949 dei
1048 922 1131 950 maior

186 973 244 994 esee
270 966 381 998 iustitia,
408 966 469 1001 quia
495 965 583 1001 potuit
596 967 665 993 inter
681 966 808 1001 inperitos
826 973 933 1001 regnare
951 966 1067 1001 pigritia.
1085 967 1129 1001 qui

185 1010 254 1038 enim
272 1017 362 1037 ueram
381 1010 496 1044 eorporis
515 1009 631 1038 ostendit
644 1010 832 1042 infirmitatem,
851 1010 964 1037 humane
978 1011 1129 1038 tractandus

186 1056 238 1085 eetz
258 1054 303 1088 qui
322 1055 410 1081 autem
429 1054 522 1081 falsam
540 1054 688 1089 praetendit
706 1055 734 1081 et
751 1054 872 1082 eonninci
891 1062 941 1081 non
964 1055 1062 1089 potest,
1082 1054 1128 1081 deo
1143 1063 1160 1081 u

186 1098 358 1125 dimittendus
385 1100 434 1125 est.
465 1099 558 1125 neuter
583 1100 670 1125 tamen
697 1106 787 1126 eorum
812 1097 985 1133 perniciosam
1011 1098 1129 1134 regulam

186 1142 251 1177 figit,
278 1142 340 1176 quia
365 1142 449 1169 bonus
476 1150 569 1169 eeruue
589 1142 631 1169 dei
650 1144 677 1169 et
698 1142 838 1170 manifesto
860 1141 962 1169 infirmo
985 1142 1060 1169 fratri
1081 1150 1128 1169 ano

186 1186 269 1213 seruit
287 1187 314 1212 et
332 1185 434 1213 fallenti
453 1194 513 1214 enm
533 1186 624 1219 credit,
643 1186 705 1221 quia
719 1187 816 1214 malum
833 1194 894 1214 eum
909 1194 960 1213 non
974 1187 1061 1221 putat,
1079 1194 1128 1214 non

185 1230 305 1257 imitatur
330 1231 362 1257 ut
387 1230 473 1259 malus
500 1230 544 1264 eit,
571 1231 597 1257 et
623 1238 673 1258 non
701 1230 724 1257 ai
743 1231 768 1258 ei
790 1230 881 1262 credit,
906 1230 1027 1258 fallacem
1044 1232 1127 1265 putat.

186 1281 216 1300 ae
234 1273 404 1302 nihilominus
422 1282 472 1302 non
492 1274 619 1302 imitatur.
638 1275 670 1302 ab
689 1275 736 1302 illo
755 1283 826 1307 uero,
846 1275 891 1309 qui
910 1274 987 1302 dicit:
1005 1274 1071 1302 haec
1089 1275 1129 1302 eat
1140 1284 1159 1302 ιο

185 1325 248 1345 uera
265 1318 376 1350 iustitia,
395 1320 427 1345 ut
444 1318 509 1346 nihil
528 1319 696 1354 corporaliter
714 1319 843 1354 operando
862 1318 995 1345 imitemur
1009 1318 1128 1345 uolatilia

185 1362 259 1395 caeli,
286 1362 409 1397 quoniam
435 1362 481 1397 qui
507 1362 607 1397 aliquid
629 1363 682 1390 tale
704 1363 783 1390 fuerit
802 1364 923 1397 operatus
942 1364 1033 1390 contra
1051 1369 1127 1389 euan-

185 1406 284 1441 gelium
309 1406 382 1439 facit,
410 1406 529 1441 quisquis
556 1406 642 1434 animo
668 1406 786 1434 infirmus
813 1407 877 1434 haec
895 1406 970 1434 audit
991 1407 1020 1433 et
1037 1406 1126 1438 credit,

185 1458 235 1477 non
255 1450 316 1485 quia
334 1450 373 1478 sic
391 1452 477 1483 uacat.
502 1451 548 1477 aed
568 1451 628 1485 quia
647 1451 685 1478 eie
704 1452 780 1483 errat,
798 1451 928 1486 lugendus
947 1453 994 1478 eet.

259 1570 269 1591 1
287 1568 298 1591 1
313 1569 391 1591 These.
406 1569 427 1596 2,
443 1569 457 1591 6
503 1569 516 1591 8
531 1569 555 1592 11
570 1569 647 1592 These.
663 1570 684 1596 3,
699 1569 713 1592 8
757 1570 772 1592 4
787 1569 799 1592 1
814 1569 864 1593 Cor.
880 1570 901 1597 9,
918 1570 953 1592 14.
970 1570 997 1593 15

214 1642 228 1663 2
243 1641 308 1663 nobie
323 1642 384 1664 oneri
400 1641 431 1664 bd
497 1642 559 1664 oneri
575 1648 622 1664 ease
639 1642 702 1664 nobis
717 1642 742 1664 N
808 1643 822 1665 3
838 1642 870 1671 et]
887 1649 913 1665 ιο
927 1642 954 1665 Ν
1025 1644 1125 1665 uestrum

186 1683 228 1700 om.
243 1677 266 1699 A
310 1678 325 1700 4
340 1678 372 1707 et]
387 1678 447 1701 aient
462 1678 485 1700 et
496 1677 607 1707 PVDM7
663 1677 764 1701 dominus
780 1685 823 1701 om.
838 1678 867 1701 N
922 1679 954 1704 ei·
968 1678 1023 1701 ΒΜ
1063 1679 1077 1702 5
1091 1679 1124 1701 ni·

184 1714 217 1736 hil
232 1714 257 1736 N
315 1714 328 1736 7
344 1716 468 1743 urguentur
486 1714 582 1744 VDAY-
628 1714 735 1738 obediant
751 1715 778 1738 0¹
838 1715 852 1738 8
867 1717 908 1738 unt
922 1717 943 1743 (t
956 1722 974 1738 ι.
991 1715 1006 1738 l.
1021 1722 1050 1738 ιιι.
1066 1716 1092 1745 2)
1108 1714 1128 1738 0

185 1750 259 1773 saltim
278 1750 333 1779 VA7
379 1751 403 1773 11
421 1751 515 1780 alligare
530 1752 584 1780 VA7
643 1751 716 1781 decipi
731 1753 755 1774 et
770 1752 802 1774 sic
817 1759 859 1775 mn.
869 1751 895 1774 D
940 1752 967 1775 14
981 1752 1079 1782 humane
1094 1751 1125 1782 Ῡγ

186 1787 213 1810 15
228 1787 308 1810 falsum
324 1787 349 1809 D
394 1787 420 1809 16
436 1787 589 1811 demittendus
604 1788 659 1811 PV¹
673 1788 786 1811 timendus
801 1789 824 1811 Β
870 1789 896 1812 17
910 1788 972 1818 fugit
985 1788 1007 1811 L
1054 1789 1124 1811 mnni-

183 1824 242 1846 ἥσω
257 1824 288 1846 bd
344 1824 372 1847 18
386 1824 474 1847 fallenti
490 1825 549 1854 eum]
565 1825 670 1848 fallentia
684 1825 707 1847 B
766 1826 826 1855 cum]
842 1825 894 1849 dum
910 1825 940 1848 M
995 1826 1023 1848 19
1038 1825 1078 1854 eit]
1094 1825 1126 1848 nic

184 1860 296 1890 PVDH-,r
355 1861 374 1883 ei
389 1868 433 1884 non
447 1861 662 1892 PVDMTANFM
721 1862 741 1884 ei
756 1869 799 1885 om.
814 1862 836 1884 Δ
884 1862 914 1885 20
928 1862 1093 1885 nihilhominus
1104 1861 1126 1885 L

184 1897 301 1923 himitatur
315 1897 334 1920 0
378 1898 405 1920 21
421 1898 539 1921 imitentur
550 1899 579 1921 M
621 1899 650 1921 22
665 1899 710 1922 tale
726 1899 811 1928 aliquid
821 1899 876 1922 Aba
919 1898 1014 1928 aliquid]
1031 1898 1126 1922 aliudB

184 1933 213 1955 23
229 1933 471 1963 quiaquia-lugendus
487 1936 522 1957 est
536 1941 578 1957 om,
593 1935 624 1957 M
694 1935 782 1957 infirmo
802 1935 824 1957 V
894 1935 937 1957 hoc
952 1935 983 1957 ba
1053 1934 1123 1964 audit]

184 1969 243 1992 uidit
257 1969 278 1992 L
339 1969 402 1992 audit
417 1972 440 1992 et
456 1970 536 2000 credit]
553 1971 608 1993 dicit
623 1971 704 2000 PVDT
