1355 2653
191 342 208 368 8
484 340 507 363 S.
528 340 642 363 Aureli
663 340 846 369 Augustini

191 421 219 449 id
241 421 353 448 facimus
373 422 495 448 conantes
515 421 542 447 et
560 420 648 447 uerbis
668 423 695 447 et
712 420 771 455 ipso
790 428 853 447 sono
872 420 946 448 uocis
966 422 993 448 et
1010 421 1088 448 uultu
1108 422 1134 448 et

192 467 269 501 gestu
293 465 417 500 corporis,
436 466 477 492 tot
496 465 598 492 scilicet
616 465 831 492 machinamentis
850 465 886 498 id,
906 465 976 500 quod
994 465 1065 492 intus
1084 467 1133 498 est.

191 510 369 537 demonstrare
381 509 524 544 cupientes,
536 509 598 543 quia
608 509 661 536 tale
672 509 771 544 aliquid
785 509 900 544 proferre
914 517 965 537 non
980 518 1132 545 possumus;

192 555 218 581 et
236 553 295 581 ideo
315 561 367 580 non
386 554 475 588 potest
492 553 625 588 loquentis
641 553 743 581 animus
757 553 862 588 penitus
877 553 1045 582 innotescere.
1065 553 1134 581 undo

192 597 271 625 etiam
289 597 432 625 mendaciis
450 598 526 625 locus
544 598 624 632 patet.
643 597 707 624 dous
726 599 815 625 autem
832 599 914 632 pater.
933 598 978 632 qui
997 598 1133 625 uerissime
1158 605 1171 623 ε

191 650 219 669 se
242 642 355 669 indicare
378 641 472 668 animis
495 640 639 676 cognituris
662 643 690 669 st
710 641 798 669 uoluit
820 643 847 669 st
868 642 964 676 potuit,
984 642 1034 670 hoc
1053 642 1085 669 ad
1104 649 1133 668 ss

190 686 278 720 ipsum
308 685 476 713 indicandum
508 685 606 720 genuit,
636 685 706 720 quod
736 687 778 712 est
803 685 860 720 ipss
887 686 932 720 qui
958 686 1061 721 gannit:
1088 686 1133 720 qui

191 730 305 757 uirtus
329 730 407 757 etiam
431 729 488 756 eius
511 730 538 756 st
564 728 735 764 sapientia
761 728 865 762 dieitur,
888 729 950 764 quia
973 738 1021 764 per
1045 730 1134 764 ipsum

191 775 313 809 operatus
337 774 378 801 est
401 775 428 800 et
450 773 582 808 disposuit
603 773 698 801 omnia.
732 773 764 800 do
791 781 842 808 quo
868 775 1004 809 propterea
1025 773 1133 801 dicitur:

191 818 341 853 adtingit
360 826 375 845 a
393 817 462 845 fine
481 825 586 852 usque
606 817 643 844 ad
658 817 758 845 finem
773 818 921 851 fortiter,
934 819 967 845 st
981 817 1135 852 disponit
1148 827 1172 844 ιο

191 862 300 889 omnia
318 862 478 889 suauitor.

226 906 288 933 IIII.
307 906 332 933 5.
352 904 526 938 Quamobrem
549 905 700 940 unigenitus
723 905 794 933 filius
817 906 861 933 dei
882 913 966 941 neque
988 906 1074 934 factus
1093 907 1136 933 est

191 959 206 978 a
228 951 309 985 patre,
332 949 402 984 quia,
422 949 493 976 siout
518 949 583 978 dicit
608 949 779 985 euangelista,
804 950 911 977 omnia
941 958 998 985 per
1025 950 1134 986 ipsum

190 994 282 1022 facta
304 994 391 1026 sunt,
410 1001 494 1028 nsque
517 1002 547 1021 οι
567 994 683 1028 tempore
702 994 816 1029 genitus,
836 994 959 1028 quoniam
978 994 1135 1030 sempiterne

191 1038 256 1066 deus
269 1038 372 1074 sapiens
384 1038 569 1073 sempiternam
581 1044 671 1065 secum
683 1037 763 1065 habet
777 1038 932 1073 sapientiam
948 1046 1035 1070 suam3
1052 1046 1136 1073 noque
1150 1046 1174 1064 :s

190 1081 265 1117 inpar
290 1083 332 1110 est
356 1082 433 1117 patri,
456 1082 484 1109 id
510 1084 551 1109 est
576 1082 602 1109 in
630 1082 718 1117 aliquo
743 1082 836 1116 minor,
859 1083 922 1117 quia
947 1084 974 1110 et
999 1083 1135 1118 apostolus

191 1126 266 1154 dicit:
291 1127 345 1162 qui
370 1135 441 1154 oum
463 1126 494 1154 in
517 1126 623 1154 forma
645 1126 698 1154 dsi
718 1127 811 1154 esset
832 1126 1055 1159 constitutus,
1075 1134 1136 1154 non

190 1171 338 1207 rapinam
357 1171 547 1198 arbitratus
568 1172 715 1198 estesse
734 1171 889 1206 aequalis
904 1171 973 1200 doo.
991 1171 1040 1198 hac
1054 1170 1138 1206 igitur

190 1215 241 1243 fide
264 1215 395 1243 catholiea
417 1216 445 1242 et
465 1215 507 1242 ini
529 1215 710 1248 excluduntur,
734 1216 779 1250 qui
802 1215 913 1243 eundem
936 1215 1028 1243 dicunt
1052 1215 1137 1242 filium

190 1267 257 1292 esso,
277 1259 322 1294 qui
340 1260 414 1294 pater
432 1260 481 1292 est,
501 1260 562 1294 quia
581 1261 609 1287 et
626 1260 677 1287 hoc
695 1260 804 1287 uerbum
824 1259 893 1294 apud
912 1259 990 1287 doum
1009 1267 1068 1287 ssss
1085 1265 1137 1287 non
1151 1267 1176 1285 to

190 1305 281 1338 posset
299 1303 351 1331 nisi
370 1303 440 1338 apud
456 1304 557 1338 patrem
576 1303 655 1331 doum
674 1304 701 1331 et
719 1304 785 1331 nulli
804 1305 846 1331 est
864 1303 980 1338 aequalis
1000 1303 1045 1338 qui
1063 1303 1136 1331 solus

191 1349 244 1380 θοις
267 1347 440 1375 excluduntur
462 1347 541 1375 etiam
559 1348 608 1380 iffi,
628 1348 673 1382 qui
692 1349 837 1375 creaturam
856 1347 948 1375 dicunt
966 1355 1024 1375 osse
1042 1347 1137 1379 fllium,

191 1391 311 1426 quamuis
322 1399 373 1419 non
388 1392 477 1425 talem,
493 1392 583 1426 quales
599 1393 661 1420 sunt
672 1393 773 1420 ceteras
785 1393 926 1420 creaturae.
939 1393 1137 1427 quantamcum-

191 1444 241 1471 que
253 1435 322 1463 enim
335 1437 479 1463 croatmam
495 1436 591 1469 (licant,
604 1436 627 1463 si
643 1438 760 1464 creatura
775 1437 825 1469 sst,
838 1436 944 1464 condita
957 1435 1069 1463 et-facta
1083 1438 1137 1468 θεῖς

264 1549 278 1573 8
294 1549 321 1573 ef.
337 1550 349 1573 1
364 1549 414 1573 Cor.
431 1550 451 1577 l,
467 1550 496 1573 24
545 1550 573 1573 10
588 1550 640 1580 Sap.
655 1551 677 1578 8,
695 1551 705 1573 l
757 1551 783 1574 13
799 1550 849 1573 Ioh.
866 1551 886 1579 1,
902 1551 916 1574 8
967 1551 994 1574 17
1009 1551 1069 1574 Phil.
1085 1551 1107 1579 2,
1123 1551 1139 1574 ⁶

223 1623 233 1645 1
251 1623 346 1646 conante
361 1622 409 1646 fetu
424 1622 488 1646 uerbi
501 1622 646 1652 FASTVOs
661 1624 768 1646 conantes
783 1624 831 1646 fetu
847 1623 910 1646 uetbi
925 1623 952 1647 N
993 1624 1009 1647 4
1022 1623 1138 1653 loquentis

192 1659 280 1682 animus
294 1666 340 1682 non
355 1660 431 1688 potest
445 1659 477 1682 M
533 1659 585 1682 inde
600 1659 647 1682 FV
701 1661 715 1683 5
730 1659 841 1683 mendacii
860 1659 882 1682 7
935 1660 949 1683 8
960 1667 999 1689 pr.
1015 1661 1040 1683 st
1053 1666 1097 1683 om.
1117 1660 1139 1683 7

191 1696 204 1718 7
221 1697 256 1718 est
270 1702 312 1718 om.
327 1695 359 1718 M
405 1695 419 1719 8
435 1696 503 1718 etism
518 1696 590 1718 uirtus
605 1694 806 1726 AFSJTNVOM
864 1697 912 1719 sius
928 1697 996 1719 stiam
1011 1697 1042 1720 M
1085 1697 1113 1720 10
1124 1703 1138 1719 a

191 1732 235 1755 fine
250 1739 294 1755 om.
308 1732 363 1761 F&
437 1732 548 1762 disposuit
562 1733 592 1755 M
666 1733 692 1756 14
707 1734 856 1763 sempiternus
871 1733 951 1756 AVF²
1025 1733 1052 1756 15
1067 1733 1139 1756 babet

191 1775 266 1792 seeum
285 1769 364 1792 PNM
449 1776 512 1792 susm
530 1775 573 1792 om.
588 1770 619 1792 M
693 1770 720 1793 18
739 1770 861 1793 arbitratus
879 1777 921 1793 om.
937 1770 961 1792 Ρ
1048 1777 1096 1793 esse
1112 1777 1136 1793 ss

191 1805 331 1829 FASTNM
335 1805 388 1835 1⁷01
448 1806 549 1836 equalem
564 1806 721 1836 ATNMVOT
736 1806 829 1836 aequale
844 1807 866 1836 (s
881 1807 922 1835 lin.
937 1813 966 1829 a
979 1807 1008 1836 is)
1025 1807 1045 1831 S
1074 1807 1101 1829 19
1113 1805 1138 1830 iat

191 1842 226 1864 ilii
240 1848 283 1866 om.
299 1842 322 1865 Ρ
365 1849 414 1865 osso
429 1842 500 1865 fllium
518 1842 560 1866 VO
602 1843 632 1866 20
647 1843 791 1866 esse—deum
807 1850 849 1867 om.
865 1843 885 1866 S
931 1844 1050 1873 qui—esse
1065 1850 1108 1869 mn.
1124 1852 1138 1873 τ

191 1879 217 1902 21
234 1885 300 1908 posse
314 1887 328 1908 τ
342 1880 419 1908 potest
432 1879 464 1902 1²¹
480 1879 552 1908 possit
566 1879 685 1902 AFVOS¹
744 1880 788 1902 nisi
803 1887 846 1903 om.
860 1888 873 1910 -s
939 1880 1025 1909 equalis
1041 1882 1076 1904 est
1094 1880 1137 1904 70

193 1916 222 1938 22
236 1916 272 1938 illi
286 1922 328 1938 om.
343 1915 418 1939 RPM
475 1916 552 1939 dicunt
567 1918 692 1942 creaturam
707 1923 755 1939 essa
775 1917 816 1940 VO
875 1924 923 1940 esse
939 1917 1017 1940 dicunt
1031 1917 1138 1947 AFSyba

192 1953 221 1975 23
237 1952 295 1975 tales
309 1952 341 1974 M
397 1954 525 1982 qumtsque
540 1952 563 1975 P
606 1953 636 1976 24
651 1953 728 1975 dicunt
743 1953 816 1976 ASF'
