1355 2653
192 363 245 390 666
481 362 503 385 S.
526 361 639 385 Aureli
662 362 840 391 Augustini

191 442 435 477 reprehensionibus
462 442 607 474 cohibetur,
638 441 685 469 sed
710 442 817 476 insuper
844 442 976 470 extollitur
1002 442 1132 475 laudibus.

192 486 348 525 quoniam
379 486 546 518 laudatur,
582 486 652 513 sicut
681 486 806 521 scriptum
839 488 889 518 est,
922 489 1085 521 peccator
1103 496 1133 514 ιιι

193 530 377 558 desideriis
397 531 524 557 animae
544 538 630 558 suae.
647 530 689 557 uis
704 530 773 558 enim
788 530 977 558 desideriorum
991 531 1057 558 facit
1070 522 1133 558 tole-

191 574 301 602 rantiam
323 575 442 602 laborum
465 576 492 602 et
511 575 640 607 dolorum3
665 576 693 602 et
710 583 785 602 nemo
806 575 856 602 nisi
874 583 921 609 pro
940 583 980 608 eo,
1003 575 1073 610 quod
1093 575 1133 602 de-

191 619 279 651 lectat,
302 621 395 653 sponte
419 619 530 654 suscipit
552 620 618 646 ferre
640 619 710 654 quod
730 619 836 647 cruciat.
860 620 907 647 sed
924 620 999 652 istae,
1023 621 1055 647 ut
1073 620 1132 650 dixi,
1153 629 1162 645 ι

191 662 359 697 cupiditates,
388 664 493 697 propter
523 668 588 697 quas
615 662 753 697 explendas
779 663 824 697 qui
851 663 889 690 eis
915 662 1027 698 flagrant
1051 664 1133 690 multa

191 706 256 733 dura
287 707 314 734 et
340 706 432 734 acerba
457 706 647 741 patientissime
674 706 813 739 sustinent,
840 707 928 734 licitae
954 707 1134 735 existimantur

190 750 346 785 legibusque
366 758 513 778 concessae.

228 794 260 821 V.
284 796 309 821 4.
334 794 420 828 Quid?
440 794 510 829 qnod
531 794 610 822 etiarn
630 802 676 829 pro
696 795 793 829 apertis
812 795 966 828 sceleribus,
985 804 1036 823 non
1055 797 1087 823 ut
1104 803 1132 823 ea

191 839 308 874 puniant,
336 839 382 866 sed
409 840 438 865 ut
464 840 620 873 perpetrent,
647 839 732 865 multa
757 839 876 866 homines
899 839 1058 874 grauissima
1078 848 1130 874 per·
1142 849 1158 866 lo

190 884 294 910 ferunt?
320 891 404 911 nonne
426 883 458 910 de
482 882 595 917 quodam
617 882 781 910 nobilissimo
804 883 903 917 patriae
927 883 1056 918 parricida
1080 891 1130 911 sae-

191 928 317 955 cularium
344 927 490 954 litterarum
515 927 657 961 loquuntur
679 928 808 959 auctores,
835 927 905 961 quod
927 927 1033 960 famem,
1053 928 1130 960 sitim,

191 972 273 1007 frigus
297 972 363 998 ferre
385 972 488 1006 poterat
510 971 619 1004 eiusque
642 971 698 997 erat
720 978 815 1006 corpus
837 971 939 1006 patiens
960 971 1072 1003 inediae,
1098 971 1129 998 al-

192 1016 271 1051 goris,
297 1015 404 1050 uigiliae
432 1023 510 1050 supra
538 1022 616 1048 qnam
639 1014 761 1049 cuiquam
784 1014 907 1042 credibile
930 1016 988 1042 est?
1011 1015 1075 1049 qnid
1101 1015 1129 1042 de

192 1059 337 1087 latronibus
361 1059 454 1090 dicam,
479 1067 589 1093 quorum
609 1066 699 1086 omnes
723 1066 783 1086 cum
802 1059 959 1086 insidiantur
977 1059 1155 1091 uiatoribus„

191 1104 280 1131 noctes
302 1103 483 1138 perpetiuntur
504 1102 645 1135 insomnes,
668 1104 747 1137 atque
770 1104 801 1130 ut
824 1104 986 1130 transeuntes
1005 1103 1129 1138 excipiant

190 1148 349 1179 innocentes,
377 1147 426 1174 sub
453 1147 570 1181 qualibet
596 1146 661 1174 caeli
687 1147 827 1182 asperitate
853 1149 990 1175 nocentem
1017 1147 1128 1175 animum

191 1199 337 1226 corpusque
366 1191 501 1227 defigunt?
532 1190 637 1226 quidam
668 1198 730 1219 nero
757 1199 846 1219 eorum
871 1191 986 1219 inuicem
1012 1193 1128 1227 torquere

191 1236 367 1271 perhibentur,
393 1235 431 1262 ita
457 1237 487 1262 ut
513 1235 662 1263 exercitatio
689 1236 779 1263 contra
804 1243 901 1270 poenas
927 1235 992 1262 nihil
1015 1235 1097 1263 distet
1117 1243 1129 1262 s

190 1280 288 1315 poenis.
314 1288 364 1307 non
388 1280 455 1307 enim
478 1281 581 1307 tantum
603 1279 723 1307 fortassis
746 1280 925 1307 excruciantur
947 1287 962 1307 a
984 1280 1080 1312 iudice,
1103 1281 1154 1307 ut·

192 1331 208 1351 a
229 1323 379 1351 dolentibus
402 1323 499 1350 ueritas
522 1323 677 1357 inquiratur,
701 1324 826 1358 qnantum
849 1331 863 1350 a
882 1323 939 1351 suis
958 1324 1048 1356 sociis,
1068 1325 1097 1351 ut
1116 1331 1129 1350 a

264 1413 278 1436 2
293 1413 330 1436 Ps.
347 1413 368 1439 9,
384 1413 413 1435 24
427 1413 472 1442 (10,
488 1413 511 1440 3)
558 1413 583 1436 11
601 1413 629 1436 cf.
645 1412 691 1436 Cic.
708 1412 756 1436 Ost.
771 1413 807 1437 111
823 1413 861 1439 16:
877 1413 931 1436 San.
948 1412 1015 1436 enfil.
1030 1414 1045 1435 5

221 1465 232 1488 1
249 1464 434 1493 rephensionrbns
449 1464 471 1486 L
530 1464 672 1487 cohiberetur
685 1464 730 1487 NS
776 1464 790 1487 2
805 1463 865 1493 qnod
880 1464 900 1487 S
956 1465 1062 1493 peccator
1075 1464 1128 1486 sicut

191 1502 297 1530 scriptum
313 1503 348 1523 est
359 1500 449 1530 FOWT
494 1501 553 1523 sicut
567 1501 674 1530 scriptum
690 1503 726 1523 est
740 1501 821 1530 legitur
831 1503 886 1530 poet
900 1500 988 1523 animae
1002 1508 1057 1523 sune
1071 1501 1097 1523 in
1107 1500 1129 1523 D

191 1539 205 1561 3
221 1539 293 1561 snime
309 1537 357 1560 LK
399 1537 550 1560 tollerantiam
565 1537 624 1560 K¹P
666 1539 680 1560 5
696 1538 795 1567 suscepit
807 1537 835 1560 K
877 1537 960 1560 crutist
970 1537 996 1560 Κ
1040 1538 1084 1560 ists
1094 1536 1128 1567 Ny

191 1576 205 1598 6
220 1575 319 1603 fruglaut
330 1573 386 1597 ΚΡΙ
401 1574 498 1603 flagrant
509 1579 532 1597 et
542 1583 555 1604 γ
600 1575 612 1597 7
629 1574 684 1597 dura
695 1581 737 1597 om
749 1574 786 1603 Dr
845 1581 926 1597 scerua
936 1574 987 1597 811¹
1045 1575 1128 1604 pation-

190 1612 277 1641 tissime
292 1611 318 1633 N
331 1611 498 1640 pacientissime
513 1611 535 1633 L
622 1611 684 1634 licite
700 1610 835 1641 LKSNWY
851 1612 875 1633 et
888 1612 950 1633 licite
969 1611 991 1634 V
1078 1612 1128 1641 esti-

191 1650 280 1671 mantnt
294 1648 319 1671 D
392 1648 406 1671 8
429 1655 532 1671 concesse
547 1647 717 1671 LSFODNW
786 1649 800 1671 9
822 1654 862 1677 pro
883 1647 976 1677 apertis]
998 1649 1095 1677 perustis
1109 1647 1131 1670 F

191 1692 239 1710 cam
259 1684 291 1707 W
347 1684 375 1707 10
390 1692 416 1707 ea
431 1686 559 1714 perpetrent
574 1684 618 1707 LA
692 1685 729 1707 nel
744 1685 878 1714 grauissime
897 1684 916 1707 V
988 1684 1105 1713 proferunt
1117 1694 1129 1715 γ

192 1722 216 1744 11
234 1725 293 1744 nune
304 1722 329 1744 D
388 1721 414 1743 de
430 1727 472 1744 om.
487 1721 562 1744 0DL¹
621 1721 758 1744 nobilissime
770 1721 796 1744 K
810 1721 943 1744 nobilissimi
957 1721 1001 1744 OD
1060 1721 1128 1751 patrie

191 1758 217 1780 K
231 1759 301 1787 putris
319 1758 363 1780 01)
421 1758 520 1787 paricids
535 1758 554 1780 S
568 1758 677 1786 parricida
695 1758 739 1781 OD
784 1759 811 1780 12
825 1758 940 1781 literarum
952 1758 972 1781 S
1028 1758 1129 1781 locuntur

190 1795 341 1824 KSFDNV7
412 1796 497 1817 actores
516 1794 548 1817 W
615 1795 668 1824 quid
683 1795 702 1817 S
769 1794 828 1817 sume
842 1795 876 1818 N¹
936 1795 964 1818 13
979 1795 1086 1824 eiusq'uae
1100 1793 1128 1817 L¹

191 1838 270 1861 corpus
285 1832 334 1853 erat
349 1830 368 1853 S
439 1830 531 1853 inediae
546 1830 574 1853 K
633 1832 660 1853 15
676 1830 798 1853 uictoribus
813 1831 846 1854 N¹
907 1832 934 1854 16
951 1831 1080 1861 insompnes
1094 1830 1128 1859 Dr

191 1868 263 1897 adque
278 1868 313 1890 K¹
374 1868 485 1896 excipiant
500 1870 522 1897 (s
537 1875 564 1890 ex
579 1869 602 1896 u)
618 1868 640 1890 L
696 1868 723 1890 17
739 1868 836 1891 animam
850 1868 873 1891 B
931 1868 958 1890 18
973 1868 1072 1897 torqueri
1087 1867 1127 1890 1-'0

192 1905 218 1927 19
234 1904 380 1933 perhibentur
391 1904 535 1933 perhibentur
546 1904 566 1927 S
623 1905 726 1927 excitatio
742 1904 788 1927 VN
845 1912 913 1934 penas
924 1905 974 1927 NV
1023 1904 1094 1927 distat
1103 1903 1127 1927 K

190 1941 219 1964 20
234 1940 341 1964 fortassee
356 1942 443 1964 tantum
459 1941 478 1964 S
521 1942 547 1964 21
565 1941 743 1965 adolescentibus
758 1942 789 1964 P·
835 1941 949 1964 doloribus
963 1942 1012 1965 KR
1055 1942 1124 1971 requi-

191 1979 252 2000 ratur
267 1978 289 2001 R
344 1984 380 2006 pr.
397 1985 410 2000 a
425 1985 466 2001 om.
482 1978 506 2000 N
