1355 2653
193 362 246 389 638
476 360 499 383 S.
522 360 634 382 Aureli
656 359 835 388 Augustini

191 440 289 467 delium
320 438 458 466 custodum
483 438 590 474 uigiliae
615 438 808 472 permittebant.
833 438 871 466 ita
897 446 956 465 cum
982 438 1052 472 illos,
1079 439 1127 473 qui

191 484 271 512 occisi
289 485 399 516 fuerant.
418 483 445 510 in
464 482 645 510 dilaceratione
665 482 839 509 membrorum
854 490 971 515 snorum,
989 482 1015 510 in
1030 482 1127 510 confla-

191 529 307 564 gratione
333 535 451 560 ossuum,
476 527 503 554 in
526 526 685 562 dispersione
708 526 822 553 cinerum
844 526 950 554 miseria
970 527 1044 554 nulla
1065 534 1127 554 con-

191 572 311 607 tingeret.
326 572 392 599 istos
410 573 506 603 tamen,
523 573 568 606 qui
582 570 646 597 nihil
661 578 750 598 eorum
766 571 875 606 sepelire
890 572 1017 605 poterant,
1032 579 1128 607 magna

191 615 369 644 misericordia
390 615 529 648 cruciabat,
552 615 614 650 quia
635 615 662 642 in
684 614 756 642 nullo
780 615 856 642 modo
879 613 1052 643 sentientibus
1073 615 1129 651 ipsi
1151 624 1163 641 s

191 660 303 695 quodam
319 659 396 687 modo
411 659 559 687 sentiebant
573 661 608 691 et,
623 659 669 686 nbi
683 658 736 686 iam
751 659 856 687 illorum
871 659 944 687 nulla
958 661 1014 687 erat
1026 660 1127 694 passio,

191 705 247 731 erat
264 704 374 731 istorum
393 704 488 732 misera
506 704 651 739 conpassio.

228 748 312 775 vlm.
333 749 374 775 11.
397 748 544 776 Secundum
567 748 646 776 istam
669 756 747 784 quam
766 748 819 776 dixi
837 748 959 776 miseram
977 748 1127 782 conpassio-

191 800 250 820 nem
272 792 411 820 laudantur
432 792 473 820 illi
495 794 522 820 et
540 801 554 820 a
572 801 633 828 rege
651 792 739 820 Dauid
760 792 955 825 benedicuntur,
974 792 1019 827 qui
1037 792 1127 820 Saulis

192 839 219 864 et
239 837 363 865 Ionathae
386 837 491 865 ossibus
513 837 591 864 aridis
613 837 763 872 sepulturae
789 836 991 864 misericordiam
1017 836 1128 871 praesti·
1143 845 1166 863 ιο

191 882 287 909 terunt.
303 889 369 915 quae
383 881 488 909 tandem
504 881 681 910 misericordia
694 882 841 915 praestatur
854 880 920 908 nihil
935 880 1128 908 sentientibus?

191 933 223 952 an
242 925 309 952 forte
327 925 502 953 reuocandum
521 926 563 952 est
576 925 602 952 in
618 925 773 961 opinionem.
789 924 858 960 quod
872 925 1000 952 infernum
1014 924 1128 952 fluuium

191 969 316 1003 insepulti
334 977 384 997 non
403 971 522 1004 poterant
536 971 711 997 transmeare?
730 969 800 997 absit
814 969 863 996 hoe
878 977 894 996 a
907 968 958 996 fide
974 969 1127 1001 christiana3

191 1013 306 1047 alioquin
325 1013 439 1048 pessime
458 1015 544 1041 actum
564 1015 605 1041 est
623 1022 683 1041 cum
701 1014 775 1041 tanta
791 1014 934 1048 martyrum
950 1013 1128 1046 multitudine,

191 1065 302 1091 qnorum
320 1065 369 1084 non
385 1058 526 1091 potnerunt
540 1065 647 1092 corpora
661 1057 775 1092 sepeliri,
791 1058 818 1085 et
832 1057 961 1084 fallaciter
974 1057 1012 1084 eis
1027 1057 1127 1084 ueritas
1142 1065 1165 1082 u

191 1101 268 1128 dixit:
299 1101 407 1129 nolite
434 1101 552 1129 timere
579 1110 643 1134 eos,
671 1102 728 1136 qui
754 1110 875 1136 corpus
905 1101 1064 1129 occidunt
1095 1103 1129 1129 et

192 1146 308 1181 postea
337 1153 399 1173 non
429 1145 551 1173 habent
581 1145 660 1180 quid
685 1145 821 1178 faciant,
847 1145 871 1172 si
897 1145 935 1172 eis
959 1146 1033 1172 tanta
1051 1144 1129 1172 mala

265 1225 276 1247 1
293 1224 321 1248 of.
335 1224 388 1247 Eus.
404 1224 462 1247 Eiet.
478 1225 531 1247 ecel.
546 1224 573 1250 Vv
590 1224 600 1247 1
672 1224 686 1247 9
701 1224 729 1247 ci'.
744 1224 768 1247 11
782 1224 841 1254 Reg..
852 1225 873 1251 2,
889 1225 903 1247 5
973 1224 1001 1247 12
1016 1223 1044 1246 cf.
1059 1223 1127 1252 Verg.

191 1260 246 1284 Aen.
262 1261 283 1287 6,
299 1261 341 1284 327
387 1261 414 1284 16
430 1260 482 1284 Luc.
499 1261 535 1289 12,
549 1262 564 1284 4

222 1312 231 1334 l
249 1312 288 1341 qui
302 1312 329 1334 in
342 1319 384 1341 my.
399 1319 426 1335 m.
443 1314 460 1335 2
478 1312 498 1335 T
570 1313 583 1335 2
599 1313 666 1336 occisi
681 1320 723 1335 om.
742 1312 867 1336 ΤΜΔΙΡΒι
940 1312 1028 1335 fuerant
1041 1312 1067 1335 ὄπ
1083 1319 1127 1341 my.

190 1355 219 1371 sn.
232 1350 248 1371 2
265 1348 287 1371 Τ
328 1349 351 1371 in
367 1349 406 1377 fin.
421 1356 464 1372 om.
479 1349 502 1371 V
543 1350 557 1372 3
573 1355 660 1372 ossuum
675 1349 965 1379 Bmz'rchzumffiqs
978 1356 1053 1372 ossum
1067 1349 1090 1371 V
1102 1356 1128 1372 os

191 1391 255 1408 anum
269 1386 292 1408 Δ
315 1386 396 1408 ossium
412 1386 557 1410 FBE'K’bd
638 1386 775 1416 dispersione
792 1394 821 1411 aa.
837 1388 854 1409 2
875 1393 903 1410 a
924 1386 1089 1415 dispensatione
1108 1386 1130 1409 Τ

191 1422 331 1451 contingeret
346 1425 369 1445 et
384 1431 398 1452 φ
472 1424 486 1445 4
501 1423 524 1445 in
539 1423 596 1446 istos
612 1423 635 1445 F
705 1423 773 1446 nichil
792 1423 813 1446 Τ
887 1423 990 1453 sepelire]
1005 1424 1089 1446 sentire
1106 1423 1131 1445 F

191 1460 310 1488 potuerant
325 1460 361 1483 ΙΖ
429 1461 519 1489 magna]
535 1460 614 1483 iniusti
628 1467 710 1490 magna
724 1460 749 1483 F
804 1461 818 1482 5
832 1459 992 1490 misericordia]
1008 1460 1091 1483 aenitia
1105 1460 1132 1483 F

190 1495 304 1518 eruoiebat
321 1496 342 1518 Τ
355 1496 485 1519 cruciabant
501 1496 525 1520 Y
588 1496 621 1526 in]
637 1497 672 1519 his
687 1496 717 1519 Μ
730 1504 772 1520 σπι.
788 1496 881 1526 ΕΡΙΨφ
948 1496 1127 1520 sentientibus—

190 1532 256 1555 modo
277 1539 319 1555 on.
342 1533 366 1555 Y
450 1533 609 1563 sentientibus]
630 1534 665 1556 his
685 1533 824 1556 uenientibus
843 1534 867 1556 F
884 1534 919 1556 his
939 1534 1088 1556 sentientibus
1103 1534 1129 1556 E

191 1569 205 1591 8
220 1569 318 1598 illorum]
333 1576 407 1592 eorum
423 1572 434 1598 β
491 1570 535 1593 erit
550 1570 587 1593 ΙΖ
645 1571 657 1593 7
673 1571 718 1593 erit
732 1570 756 1593 1⁴·
826 1571 913 1594 instorn
927 1570 963 1593 Κι
1035 1571 1126 1601 misera]

190 1606 248 1628 mira
261 1606 301 1636 Νφ
315 1607 405 1630 miseris
420 1607 462 1636 B¹fl
476 1607 625 1633 misericordis
640 1607 676 1631 12
749 1611 776 1631 en
790 1608 866 1637 passio
881 1615 896 1637 φ
970 1608 984 1631 8
999 1614 1065 1637 quam
1080 1608 1127 1631 dixi

190 1643 216 1665 s'n
230 1650 272 1672 my.
290 1643 311 1665 T
366 1644 444 1666 miram
459 1644 522 1673 ΝΔφ
537 1644 700 1667 misericordem
712 1645 749 1668 ΙΖ
764 1645 873 1673 ιυίιοῐίίβ
932 1648 958 1667 cn
975 1646 1098 1674 passionem
1111 1654 1126 1675 φ

190 1679 205 1702 9
223 1679 365 1709 Dauid—qui
383 1687 425 1703 om.
440 1680 474 1703 Νι
561 1681 619 1703 sauli
634 1681 659 1703 F
744 1682 773 1704 10
791 1681 882 1704 ionathe
901 1681 994 1711 NMYq»
1013 1682 1088 1711 ionate
1110 1681 1129 1703 V

191 1716 341 1739 misericordie
356 1717 374 1739 I
446 1718 470 1740 11
488 1720 531 1746 qne
550 1717 574 1741 Y
643 1717 742 1747 tandem]
757 1719 803 1741 tam
819 1718 867 1741 EF
933 1718 1076 1741 misericorde
1090 1718 1128 1741 ΙΖ

190 1752 341 1776 misericordia
352 1755 486 1784 praestatur]
497 1755 568 1777 multu
579 1755 622 1784 pde
632 1754 781 1777 misericordi}
795 1758 822 1778 en
834 1755 961 1784 patantibua
972 1754 1128 1778 mesericordia

191 1792 220 1811 αα·
229 1791 317 1818 petatur
325 1797 371 1819 sqq.
383 1791 409 1813 F
419 1791 570 1814 misericordia
584 1795 611 1814 en
627 1793 715 1821 petatur
724 1789 781 1814 nibil
793 1791 942 1814 sentientibus
954 1791 1048 1814 multum
1060 1792 1127 1821 prod-

191 1827 226 1848 est
239 1827 412 1850 misericorditer
426 1834 475 1850 earn
490 1828 655 1857 prnestanfibus
671 1828 696 1851 E
781 1830 923 1858 praestantur
938 1835 952 1858 φ
1043 1829 1069 1851 12
1084 1828 1127 1851 hoc

190 1863 337 1886 reuocandum
355 1863 506 1893 TEFRVsba
569 1865 593 1888 in
610 1865 746 1895 opinionem]
762 1865 791 1888 ad
806 1862 868 1888 illam
883 1865 1009 1895 opinionem
1024 1865 1128 1894 EFRVs

190 1899 213 1922 in
228 1900 332 1929 opinione
347 1900 456 1924 ΝΚΥΊἰ
512 1902 593 1924 inferni
608 1904 618 1931 β
664 1903 690 1925 18
705 1903 858 1926 transmittere
873 1903 894 1925 A
941 1903 967 1925 14
982 1900 1127 1925 multitudine

182 1937 312 1966 ‘martyrum
330 1937 351 1960 T
395 1939 421 1960 15
436 1940 543 1968 poterunt
556 1939 580 1961 B
638 1939 733 1969 sepelire
746 1940 774 1963 Τί
835 1947 872 1963 eos
883 1940 909 1962 N
952 1940 980 1962 16
995 1941 1019 1962 et
1034 1946 1075 1962 om.
1086 1939 1127 1970 Νφ

192 1974 218 1996 17
234 1974 332 1997 habeant
345 1975 376 1997 M
