1355 2653
189 363 243 390 350
479 361 502 385 Β.
525 361 637 384 Aureli
660 362 839 390 Augustini

190 443 242 470 tiae
261 450 341 470 cause
359 442 457 470 dimitti
476 442 613 478 coniugem
631 442 726 475 uoluit,
742 442 787 476 qui
806 442 890 470 solam
904 450 1011 470 causam
1026 442 1140 470 fornica-

190 487 270 514 tionis
289 487 399 522 excepit.

228 532 253 559 3.
279 531 428 559 Redeamus
454 531 536 567 igitur
562 531 594 558 ad
619 531 679 567 ipsa
701 531 813 566 apostoli
835 531 917 558 uerbs
935 530 1060 562 dicentis:
1086 531 1139 559 liis

191 577 303 607 sutem.
327 575 379 610 qni
402 577 477 603 sunt
498 576 528 602 in
553 575 709 611 coniugio,
729 575 896 610 praecipio,
915 583 973 603 nou
996 583 1062 611 ego,
1082 575 1139 603 sed

191 619 344 652 dominus,
359 627 482 647 uxorem
502 627 517 647 a
536 619 603 646 uiro
623 627 680 647 nou
696 619 869 650 discedere:
888 618 1000 654 quodsi
1020 618 1139 647 disce·-
1163 629 1175 646 s

191 663 278 696 serit,
306 671 426 690 manere
456 663 626 698 innuptam,
653 664 681 690 et
706 671 766 690 eum
792 663 868 690 uelut
892 655 1083 699 interrogemus
1110 665 1140 691 et

190 709 324 742 tamquam
346 708 509 742 praesentem
532 707 644 742 quodem
667 707 745 735 modo
768 707 948 735 consulamus:
972 714 1019 735 cur
1036 707 1138 740 dixisti.

192 752 319 787 apostole,
343 751 456 786 quodsi
479 751 673 783 discesserit,
696 759 817 779 manere
840 751 1019 786 innuptum?
1039 751 1138 779 licetne

192 796 324 824 discedere
343 804 374 823 an
393 804 443 823 uon
463 796 543 823 licet?
566 796 590 823 si
608 803 659 823 uon
678 796 750 828 licet,
770 803 817 823 cur
833 795 964 830 praecipis
982 794 1139 828 discedenti,

191 841 223 867 ut
240 841 344 868 maneat
361 840 488 875 innupte?
506 840 529 868 si
549 841 636 867 autem
655 840 725 873 licet,
744 840 862 875 profecto
881 841 923 867 est
941 839 1030 875 aliqua
1048 847 1139 873 causa,
1151 851 1173 868 u

192 891 244 919 qua
269 884 356 911 liceat.
384 884 448 910 haec
475 885 561 910 nutem
588 883 715 918 inquisita
740 891 790 911 non
816 883 957 917 inuenitur,
979 884 1032 911 nisi
1058 892 1138 919 quam

192 928 275 956 solam
295 928 411 955 saluator
430 928 539 963 excepit,
558 928 585 955 id
605 929 647 956 est
665 936 745 956 causa
762 928 949 956 fornicationis.
973 936 1004 956 sc
1021 936 1071 963 per
1087 929 1139 956 hoc

191 980 242 1000 non
267 972 395 1007 praecipit
416 972 552 1006 spostolus
574 972 721 1004 mulierem,
744 972 768 999 si
791 972 950 1004 discesserit,
972 980 1078 1001 manere
1099 973 1139 1001 in-

192 1018 308 1051 nuptam,
332 1016 382 1043 nisi
406 1024 472 1051 quae
498 1016 544 1043 ina
574 1024 653 1043 causa
683 1016 796 1044 discedit
818 1024 833 1043 a
855 1016 922 1049 uiro,
945 1024 997 1052 qua
1025 1017 1085 1045 sola
1113 1017 1139 1044 ei

192 1060 324 1088 discedere
350 1060 454 1087 licitum
480 1062 522 1087 est
548 1068 563 1087 a
585 1060 651 1088 uiro.
678 1060 724 1087 ubi
750 1061 819 1088 enim
842 1060 949 1089 dicitur:
974 1062 1137 1097 praecipio
1151 1071 1173 1089 u
1205 1075 1213 1084 ·

192 1113 249 1132 non
273 1104 448 1136 discedere;
471 1104 584 1139 quodsi
607 1104 801 1137 discesserit,
820 1109 941 1132 manere
962 1105 1138 1141 innuptam,

194 1149 272 1181 absit,
291 1150 322 1176 ut
344 1150 434 1176 contra
455 1149 505 1176 hoc
527 1150 695 1184 praeceptum
717 1148 804 1181 saciat,
824 1157 891 1184 quae
910 1150 948 1177 sic
967 1149 1089 1182 discedit,
1108 1151 1140 1177 ut

193 1193 302 1228 innupta
324 1194 480 1228 permaneat.
503 1193 554 1220 nisi
573 1200 635 1228 ergo
654 1193 700 1220 illa
718 1193 894 1229 intellegatur,
913 1193 956 1221 cui
973 1193 1038 1221 licet
1055 1193 1139 1222 discs-

194 1237 254 1264 dere
276 1253 312 1257 -
335 1245 385 1264 non
413 1238 501 1264 sutem
527 1237 590 1264 licet
615 1237 668 1264 nisi·
693 1237 750 1265 uiro
776 1237 918 1265 fornicante
944 1253 981 1257 —
1006 1238 1139 1272 quomodo

193 1281 299 1308 iubetur
316 1281 434 1316 innupta,
450 1281 472 1308 si
493 1280 651 1313 discesserit,
666 1283 834 1316 permanere?
852 1281 912 1317 quis
928 1283 978 1314 est,
994 1281 1040 1316 qui
1055 1281 1139 1309 dicat:
1154 1293 1176 1309 n·

194 1325 218 1352 si
237 1325 388 1352 discesserit
406 1325 501 1352 mulier
515 1333 531 1352 a
545 1325 602 1353 uiro
621 1333 671 1353 uon
690 1325 841 1358 fornicante,
856 1326 967 1360 innupta
979 1328 1140 1361 permaneat.

194 1376 254 1396 cum
277 1369 301 1396 ei
323 1368 375 1396 nisi
398 1377 414 1396 a
434 1369 492 1396 uiro
514 1369 657 1397 fornicante
681 1369 813 1397 discedere
835 1369 939 1397 omuino
965 1377 1015 1397 uon
1040 1369 1140 1397 licent?

194 1421 287 1450 sensus
305 1413 394 1447 itaque
412 1413 464 1440 iste
483 1414 546 1440 tuus
566 1415 691 1448 quantum
707 1413 861 1441 adusi-setun·
874 1413 981 1441 uinculo
995 1413 1139 1449 coniugali,

194 1456 241 1484 ubi
252 1457 373 1485 dominus
385 1464 433 1484 uec
449 1457 633 1484 continentium
648 1457 735 1485 uoluit
749 1457 849 1492 suscipi
863 1457 914 1485 uisi
929 1457 984 1493 pari
999 1457 1140 1485 concordia

195 1503 274 1536 atque
293 1509 429 1533 consensu,
448 1503 512 1537 puto
533 1501 603 1536 quod
621 1501 673 1528 iam
692 1501 839 1537 intellegas.
1151 1513 1173 1530 ι

230 1545 291 1574 1111.
318 1546 343 1573 4.
371 1545 422 1573 Sed
452 1554 505 1573 rem
536 1546 619 1580 ipsam
650 1546 728 1580 paulo
755 1545 871 1580 apertius
897 1545 1086 1580 proloquamur
1111 1549 1139 1573 et

268 1632 282 1655 3
297 1632 309 1655 1
325 1632 374 1655 cor.
392 1632 411 1658 7,
430 1633 462 1655 10.
480 1632 504 1655 11

224 1684 237 1706 7
253 1683 393 1706 consol-anus
411 1682 440 1705 T·
495 1683 509 1706 9
524 1683 578 1712 uon]
595 1683 684 1705 omnino
699 1689 743 1705 non
762 1682 917 1706 TAMRSPC
929 1682 949 1705 si
964 1684 1039 1710 sutem
1055 1684 1137 1712 (snpra

195 1722 269 1750 sutem
286 1719 340 1742 add.
355 1722 409 1747 non)
425 1719 452 1741 N
494 1719 608 1742 discedere
622 1719 676 1742 licet
688 1719 710 1741 P
751 1719 885 1748 discedenti]
901 1718 986 1742 dimitti
997 1719 1027 1742 Μ
1056 1719 1084 1752 Ιῼ
1099 1727 1136 1742 ιο-

194 1757 239 1780 lnm
254 1763 296 1779 om.
316 1756 379 1780 VES
435 1756 458 1779 id
474 1757 519 1786 cst]
536 1756 600 1779 adest
616 1757 637 1779 P
681 1757 708 1779 13
723 1756 837 1786 praecepit
856 1755 941 1779 VN‘ba
999 1756 1090 1779 disserit
1107 1755 1136 1779 Τ*

194 1800 283 1816 munere
299 1799 340 1817 om.
357 1793 379 1816 P
424 1793 450 1815 14
466 1792 507 1815 illa
521 1800 578 1821 quse
592 1792 615 1815 P
661 1792 720 1821 quod
738 1792 758 1815 0
803 1792 843 1815 illa
857 1799 899 1815 om.
915 1792 935 1815 S
976 1799 1044 1815 causa
1055 1799 1098 1816 σπι.
1114 1792 1137 1815 Ρ

196 1830 323 1852 discesserit
336 1830 366 1852 M
424 1830 444 1852 ei
460 1836 502 1852 om.
520 1829 540 1851 C'
553 1829 600 1851 eius
615 1829 637 1851 P
693 1830 719 1851 15
734 1828 821 1851 licitum
837 1830 872 1851 est
886 1828 1000 1851 discedere
1020 1828 1136 1852 VRPc'ba

196 1866 309 1889 discedere
325 1873 339 1889 a
352 1866 401 1889 uiro
416 1866 504 1889 licitum
520 1868 555 1888 est
570 1865 589 1889 S
633 1866 660 1888 19
675 1873 689 1888 ι
704 1865 752 1888 uiro
768 1865 811 1888 Po
853 1866 880 1888 21
897 1872 941 1888 non
957 1872 999 1888 on.
1009 1865 1038 1888 Μ
1081 1865 1110 1889 22
1120 1872 1135 1889 s

196 1903 243 1926 uiro
258 1903 303 1925 nisi
320 1903 341 1925 T
384 1902 412 1925 28
427 1903 479 1925 tuus
493 1902 537 1925 iste
551 1901 646 1925 EMNS
689 1902 717 1924 24
732 1901 787 1924 deus
802 1901 846 1925 Po
901 1909 946 1924 non
961 1902 984 1924 Ρ
1040 1903 1134 1932 psi-ique

196 1942 220 1962 et
234 1939 336 1964 concordi
354 1938 373 1962 0
459 1938 606 1967 concordique
621 1945 727 1961 consensu
743 1938 831 1961 N’Pbd
914 1939 942 1961 26
957 1939 1028 1968 ipsun
1044 1946 1090 1962 reni
1105 1939 1135 1962 M

196 1977 312 2006 loquamur
326 1976 345 1999 S
359 1975 417 2005 quod
432 1975 469 1998 uel
483 1975 599 2005 loquemur
615 1975 637 1997 P
