1355 2653
189 365 241 392 658
480 364 502 386 S.
526 363 637 385 Aureli
660 363 836 392 Augustini

189 446 220 471 te
250 452 286 470 ne
318 444 490 470 scrutatus
523 443 637 473 rueris,
668 442 724 469 sed
751 450 833 477 quae
859 442 923 469 tibi
949 444 1129 477 praecepit

190 488 349 520 dominus,
372 487 434 514 illa
461 488 574 522 cogita
597 494 732 521 semper,
757 486 783 513 id
807 487 885 514 etiam
909 488 1040 522 gratanter
1059 487 1127 514 aeci-

189 540 283 566 perem;
303 539 353 559 non
373 531 441 558 enim
459 539 556 565 paruus
576 533 617 557 est
635 531 745 562 fmetus.
766 531 789 557 si
808 530 896 565 aliqua
914 530 1024 557 obseura
1043 533 1070 558 et
1087 532 1127 558 in-

190 578 266 608 certa,
293 583 359 610 quae
382 575 587 610 conprehendere
610 583 659 602 uon
682 575 811 607 ualemus,
835 575 932 602 clarum
956 575 1049 602 saltem
1073 583 1127 602 cer-

189 621 296 654 tumque
320 619 355 646 sit
377 619 450 646 nobis
473 627 522 646 non
546 626 603 645 esse
626 618 779 653 quaerenda,
806 620 833 645 et
855 618 925 653 quod
944 619 1127 653 unusquisque
1153 629 1165 646 a

190 663 248 690 uult
272 663 371 690 discere
390 665 484 697 putans
510 663 631 697 prodesse
656 662 678 689 si
704 662 779 695 sciat,
799 662 883 690 discat
907 671 955 690 non
982 663 1082 694 obesse,
1102 663 1127 690 si

190 707 295 734 nesciat.

226 751 320 778 XVIII.
340 752 383 777 22.
400 750 472 783 Quae
488 758 545 777 oum
562 752 600 776 ita
611 750 675 781 sint.
691 758 740 777 non
757 750 936 777 existimemus
952 751 984 777 ad
999 752 1125 783 mortuos,

189 804 235 830 pro
254 795 349 829 quibus
369 802 455 821 curam
475 795 598 828 gerimus,
622 795 763 829 peruenire.
788 795 838 822 nisi
858 795 927 829 quod
945 803 991 830 pro
1011 795 1049 822 eis
1068 795 1126 822 siue

190 840 278 866 altaris
301 839 358 865 siue
381 838 524 865 orationum
552 839 608 865 siue
636 839 841 873 elemosynarum
865 839 998 866 sacrificiis
1021 839 1126 865 sellem·
1140 850 1161 867 ιο

190 883 255 910 niter
280 882 466 917 supplicamus,
496 883 616 916 quamuis
643 891 692 909 non
719 890 764 917 pro
791 882 887 917 quibus
914 882 980 909 fiunt
1005 882 1126 909 omnibus

189 927 297 962 prosint,
323 926 369 953 sed
395 926 432 953 eis
459 928 560 953 tantum
584 927 680 960 quibus
704 926 764 953 dum
788 927 884 953 uiuunt
906 927 1069 961 conparatur,
1095 928 1127 953 ut

189 971 297 1006 prosint.
324 970 369 997 sed
392 970 453 1005 quia
475 978 524 997 non
548 970 728 1001 discernimus,
755 970 799 1004 qui
823 970 884 1003 sint,
911 971 1013 1005 oportet
1031 977 1062 996 ea
1079 978 1125 1004 pro

190 1015 346 1049 regeneratis
369 1014 488 1041 omnibus
511 1014 602 1047 facere,
623 1016 653 1041 ut
675 1014 763 1041 nullus
785 1022 873 1041 eorum
896 1014 1125 1049 praetermittatur,

191 1059 222 1085 ad
245 1066 309 1093 quos
331 1059 394 1085 haee
416 1058 539 1085 beneficia
563 1059 664 1092 possint
686 1060 712 1085 et
734 1058 844 1086 debeant
866 1059 1008 1094 peruenire.
1031 1059 1124 1086 melius
1139 1069 1158 1086 u

191 1102 259 1129 enim
286 1103 439 1136 supererunt
464 1102 515 1129 ista
542 1102 588 1132 eis,
618 1102 714 1136 quibus
740 1110 786 1129 nec
813 1102 910 1129 obsunt
936 1110 982 1129 uec
1008 1104 1125 1136 prosunt,

191 1154 267 1181 quam
294 1146 332 1173 eis
359 1145 474 1179 deerunt,
504 1147 599 1180 quibus
626 1148 742 1181 prosunt.
773 1146 924 1181 diligentius
950 1148 1037 1173 tamen
1064 1145 1127 1173 facit

190 1191 253 1217 haec
275 1190 385 1225 quisque
407 1198 454 1225 pro
477 1190 628 1217 necessariis
653 1190 718 1222 suis,
740 1198 791 1225 quo
810 1197 856 1224 pro
876 1190 922 1217 illo
941 1189 987 1217 fiat
1006 1190 1126 1217 similiter

191 1243 206 1261 a
229 1234 292 1261 suis.
315 1235 414 1269 oo'rpori
437 1235 523 1261 autern
543 1234 672 1261 humando
692 1234 819 1269 quidquid
838 1234 993 1268 inpenditur,
1015 1241 1066 1261 non
1085 1235 1127 1261 est

191 1278 349 1313 praesidium
375 1278 475 1311 salutis,
503 1278 548 1305 sed
568 1278 736 1305 humanitatis
756 1278 871 1305 officium
890 1277 1033 1305 seeundum
1052 1277 1126 1304 affec·
1140 1289 1157 1307 a

192 1324 256 1354 tum,
281 1330 332 1356 quo
356 1330 445 1349 nemo
470 1330 618 1355 umquam
643 1329 770 1349 carnem
798 1330 887 1349 suam
916 1322 989 1349 odio
1016 1321 1125 1348 habet.

191 1366 259 1392 unde
281 1368 384 1400 oportet
405 1368 435 1392 ut
453 1373 529 1400 quarn
551 1367 637 1400 potest
656 1373 701 1400 pro
721 1373 795 1393 carne
810 1366 919 1400 proximi
937 1373 1024 1392 curam
1045 1367 1125 1400 gerat.

264 1445 289 1467 21
308 1444 335 1467 cr.
350 1443 407 1473 Eph.
424 1445 445 1471 5,
460 1445 488 1467 29

222 1500 231 1522 l
248 1499 382 1521 serutaueris
396 1498 491 1520 ΤΜΔΕ
547 1498 662 1527 praecepit
676 1498 718 1520 tibi
730 1498 904 1521 BTuAEde
961 1500 1090 1528 preceperat
1101 1499 1127 1521 K

191 1537 206 1558 4
221 1536 309 1564 saltem]
325 1541 379 1558 sane
393 1535 419 1558 E
467 1535 481 1557 5
496 1534 560 1557 nobis
575 1535 605 1557 ait
621 1535 634 1564 β
678 1536 693 1558 6
707 1535 726 1557 ai
742 1534 807 1564 sei-t]
822 1535 880 1558 sic..
894 1535 912 1558 I
967 1535 1039 1558 diseat
1053 1542 1096 1559 mn.
1111 1535 1128 1558 1

193 1572 269 1595 abesse
287 1571 316 1594 1⁸¹
375 1571 389 1594 8
404 1571 490 1600 Ina'pu
505 1572 553 1593 cod.
569 1569 594 1594 Χ
653 1572 681 1594 10
695 1571 819 1594 orationum
834 1572 948 1595 sacrificiis
962 1572 1010 1594 siue
1025 1572 1126 1595 elemosi-

192 1616 268 1631 narum
283 1608 411 1631 muneribus
425 1608 564 1631 sollemniter
577 1609 728 1638 supplicamus
741 1608 767 1631 Ε
830 1609 999 1631 elemosinarum
1018 1609 1128 1632 ΤΙΖΚΜ

191 1644 344 1672 AlvEVYRfl
367 1644 540 1674 elemosynarum
557 1645 605 1667 ΒΝ
623 1645 818 1668 aelaemosinarum
833 1646 859 1667 X
945 1645 1090 1675 solempniter
1104 1646 1128 1669 F

192 1682 345 1711 sollempniter
362 1682 380 1704 V
443 1682 467 1704 11
485 1689 528 1704 non
544 1682 579 1704 his
594 1682 619 1704 E
677 1682 704 1705 12
719 1682 758 1711 eis]
774 1682 809 1704 his
824 1682 1039 1705 BTEFAKMYR
1053 1682 1097 1705 hiis
1113 1683 1126 1711 β

192 1719 220 1741 iis
236 1719 266 1741 ba
330 1725 369 1747 pro
385 1718 466 1747 quibus
481 1718 533 1747 Euy
600 1719 651 1741 dum
666 1719 745 1741 uiuunt
760 1725 803 1742 om.
819 1719 845 1741 X
912 1721 1067 1748 comparantur
1081 1719 1125 1741 BA

194 1756 221 1778 14
236 1756 347 1784 generatis
366 1755 386 1776 V
400 1755 506 1784 regei-atis
526 1756 547 1778 Y
599 1756 625 1778 15
641 1755 727 1784 possint
741 1755 796 1778 haec
810 1755 920 1778 beneficia
937 1755 958 1778 Τ
1007 1756 1034 1778 16
1048 1762 1125 1785 super-

193 1795 227 1814 est
242 1792 278 1815 ΙΖ
335 1798 362 1814 ne
374 1792 417 1820 fin.
434 1791 447 1820 β
479 1793 504 1815 17
521 1792 614 1814 deerant
628 1792 665 1814 ΙΖ
722 1792 776 1815 haec
792 1792 847 1814 facit
861 1792 885 1814 N
916 1792 943 1815 18
958 1792 1013 1821 suis]
1029 1792 1085 1814 meis
1101 1792 1126 1815 K

193 1829 251 1857 quod
266 1828 552 1851 BNTJZKMAEYXF
625 1836 664 1858 pro
680 1829 728 1858 illo]
744 1836 783 1858 per
798 1829 858 1851 illius
877 1829 901 1851 Υ
965 1828 1020 1851 fiant
1039 1829 1126 1857 1⁷1?de

194 1866 220 1887 19
236 1872 328 1894 corpora
343 1865 368 1887 X
432 1866 526 1887 humano
544 1866 663 1888 BMAEF
726 1866 830 1895 quiequid
846 1866 916 1888 AEX
980 1865 1022 1895 est]
1038 1873 1087 1888 esse
1102 1866 1127 1887 Χ

193 1902 222 1925 20
237 1902 331 1924 offitium
346 1901 371 1923 F
440 1903 465 1924 21
484 1908 527 1930 qua
544 1903 567 1924 X
654 1903 765 1932 umquam]
782 1906 895 1932 quecuqne
912 1902 936 1924 X
1015 1902 1082 1924 hodio
1098 1902 1126 1924 M

192 1938 271 1960 habuit
285 1939 312 1961 N
353 1939 381 1961 22
397 1939 471 1967 quam]
488 1940 525 1967 qui
543 1940 565 1961 Χ
611 1940 686 1968 potest
700 1939 764 1962 homo
780 1939 804 1961 E
847 1940 939 1968 proximi
955 1946 994 1968 pro
1010 1945 1074 1962 earne
1089 1939 1124 1961 ΙΖ

191 1982 278 1997 carnem
293 1975 319 1997 N
