1355 2653
189 369 243 396 608
480 368 502 391 S.
525 368 635 391 Aureli
659 368 835 397 Augustini

190 457 231 476 ras
251 448 386 484 praeuidet
404 449 572 481 ualitudines,
592 449 630 476 sic
649 448 758 476 daemon
776 448 802 476 in
819 449 887 476 aeris
902 449 1039 476 affectione
1054 451 1132 483 atque

191 492 351 520 ordinatione
374 492 424 520 sibi
447 494 517 525 nota,
540 493 615 520 nobis
637 492 726 528 ignota
749 492 851 520 futuras
873 492 1009 528 praeuidet
1035 494 1133 527 tempe-

191 538 291 564 states?
322 536 460 571 aliquando
484 538 511 564 et
532 537 667 564 hominum
687 536 873 572 dispositiones
892 545 942 564 non
962 537 1049 564 solum
1068 545 1134 565 uoce

191 581 315 616 prolatas,
335 588 427 608 uerum
446 581 524 608 etiam
545 581 703 616 cogitatione
722 583 871 616 conceptas.
887 589 947 608 cum
966 581 1042 617 signa
1056 589 1134 616 quae-

192 625 251 652 dam
279 633 308 652 ex
335 624 420 652 animo
448 625 627 659 exprimuntur
651 625 677 652 in
705 633 820 659 corpore,
842 627 899 652 tcta
924 625 1051 652 facilitate
1077 633 1133 660 per·
1157 634 1167 651 ι

193 668 299 696 discunt
324 670 402 703 atque
427 668 488 696 hinc
518 669 598 696 etiam
627 669 712 696 multa
739 669 829 696 futura
857 669 1048 704 praenuntiant,
1075 669 1135 697 aliis

193 712 318 740 uidelicet
339 713 412 745 mira,
432 713 477 747 qui
499 713 552 740 ista
575 713 704 748 disposita
726 721 776 740 uon
803 715 939 740 nonerunt.
970 713 1041 740 sicut
1067 714 1134 740 enim

194 757 300 791 adparet
321 757 476 784 concitatior
498 757 576 784 animi
598 758 687 785 motus
709 757 736 784 in
760 758 846 790 uultu.
868 759 900 784 ut
925 758 957 785 ab
984 758 1135 785 hominibus

194 809 298 836 quoque
317 801 417 836 aliquid
436 801 580 829 forinsecus
600 803 766 836 agnoscatur.
782 801 852 837 quod
866 801 1024 830 intrinsecus
1040 802 1136 838 agitur,

193 846 232 872 ita
253 854 304 873 non
329 845 406 872 debet
428 853 486 873 esse
510 845 670 878 incredibile,
690 846 713 873 si
732 846 812 873 etiam
830 846 943 873 leniores
962 846 1136 881 cogitationes
1151 854 1169 871 ιο

195 890 257 917 (lant
283 890 371 924 aliqua
393 890 468 926 signa
489 897 536 924 per
558 897 660 925 corpus,
684 898 750 924 quae
773 890 868 917 obtuso
894 898 973 918 sensu
1000 890 1137 918 hominum

195 934 316 969 cognosci
336 941 385 961 non
404 936 522 969 possunt,
542 936 618 961 acuto
638 935 726 961 autem
746 934 901 961 daemonum
920 936 1040 969 possunt.

232 978 277 1005 VI.
288 978 331 1006 10.
339 978 395 1005 Hac
407 979 486 1012 atque
497 978 576 1005 huius
588 978 659 1005 modi
671 978 795 1006 facultate
807 979 890 1006 multa
902 978 1042 1006 daemones
1050 978 1138 1006 futura

196 1022 385 1057 praenuntiant,
406 1029 466 1049 cnm
488 1023 575 1049 tamen
597 1022 629 1049 ab
649 1022 687 1049 eis
706 1022 784 1058 longe
803 1022 839 1050 sit
857 1022 969 1050 altitudo
987 1022 1063 1050 illius
1082 1030 1137 1058 pro-

195 1066 309 1101 phetiae,
325 1074 402 1101 quam
422 1066 486 1093 deus
505 1074 552 1101 per
566 1068 671 1094 sanctos
688 1066 794 1101 angelos
810 1068 838 1094 et
851 1067 991 1101 prophetas
1008 1069 1166 1101 operatum*

197 1118 257 1138 nam
283 1110 306 1137 si
334 1110 396 1145 quid
423 1110 455 1138 de
478 1110 524 1137 illa
546 1110 588 1138 dei
612 1110 783 1145 dispositione
803 1111 995 1145 praenuntiant,
1019 1111 1138 1143 audiunt,

198 1156 228 1181 ut
249 1155 443 1189 praenuntient;
470 1155 497 1182 et
520 1162 579 1181 curn
603 1162 635 1181 ea
656 1154 817 1189 praedicunt,
840 1162 905 1189 quae
931 1155 991 1182 inde
1019 1155 1138 1187 audiunt,

199 1207 248 1226 non
271 1199 366 1226 fallunt
387 1206 470 1233 neque
493 1198 630 1229 falluntur:
658 1199 828 1226 ueracissima
850 1199 918 1227 enim
940 1201 1003 1226 sunt
1022 1199 1140 1235 angelica

199 1245 226 1270 et
244 1243 395 1278 prophetica
414 1243 525 1270 oracula.
557 1243 597 1269 sic
616 1244 703 1270 antem
724 1243 889 1278 indignanter
910 1243 1047 1278 accipitur,
1070 1245 1138 1278 qnod

199 1287 287 1321 aliqua
309 1286 386 1314 etiam
410 1286 474 1313 talia
493 1286 630 1314 daemones
650 1287 758 1314 audiant
776 1288 803 1314 et
821 1287 979 1322 praedicant.
998 1288 1076 1322 quasi
1094 1288 1139 1315 ali·
1152 1293 1172 1311 π·

200 1331 263 1364 quid
285 1331 419 1366 indignum
444 1331 487 1362 sit.
507 1332 538 1357 ut
559 1331 632 1365 quod
650 1331 709 1359 ideo
728 1331 831 1364 dicitur,
850 1333 882 1358 ut
899 1331 1050 1359 hominibus
1068 1332 1140 1359 inno-

200 1377 293 1407 tescat.
313 1375 363 1402 hoc
384 1383 434 1402 non
457 1375 542 1402 solum
566 1375 636 1408 boni,
656 1383 747 1402 uerum
770 1375 848 1402 etiarn
872 1376 936 1403 mali
957 1383 1009 1403 non
1028 1377 1139 1408 taceant.

274 1483 288 1505 6
304 1482 332 1511 ιγ’.
347 1482 446 1518 Retract.
461 1482 494 1505 II
508 1484 541 1505 30
555 1485 577 1505 ee
591 1485 672 1505 contra
686 1480 760 1505 Aead.
776 1482 788 1505 1
802 1483 822 1506 6.
839 1483 852 1505 7

232 1541 243 1563 1
260 1540 396 1563 ualetudinis
411 1540 432 1562 V
445 1540 586 1563 ualetudine:
601 1540 674 1563 BSM
716 1540 735 1563 si
750 1540 783 1563 W
823 1540 846 1563 in
861 1546 904 1563 om.
916 1540 936 1563 S
979 1540 1097 1564 effectione
1109 1541 1142 1564 a

202 1578 216 1601 2
232 1577 308 1600 ordine
322 1576 387 1599 ΜΨ
442 1577 456 1600 8
471 1576 648 1606 dispensationes
663 1576 726 1600 8010·
804 1584 859 1601 uoce
874 1584 916 1600 on.
930 1576 956 1600 F
1012 1578 1028 1601 4
1042 1578 1102 1601 latu
1116 1578 1143 1602 8²

203 1614 330 1642 cognitione
344 1614 375 1636 M
461 1621 509 1636 cum
525 1614 598 1643 signa]
615 1613 704 1643 &ignat
721 1614 753 1636 W
838 1614 914 1643 signat
927 1614 953 1637 F
1023 1611 1142 1644 quaedem!

204 1657 259 1679 quse
274 1651 326 1673 dnm
342 1650 374 1673 W
386 1649 494 1679 quaedem
508 1652 536 1679 (s.
547 1650 592 1679 fin.
608 1657 621 1673 s
633 1657 682 1679 poe.
698 1653 720 1678 v)
731 1650 757 1673 F
798 1651 812 1673 5
827 1650 945 1673 facillitate
958 1650 979 1673 0
990 1650 1101 1674 facultate
1115 1650 1147 1674 W

204 1688 217 1710 6
233 1687 308 1716 eti-m]
325 1689 348 1709 et
362 1687 392 1709 M
457 1687 498 1710 alis
515 1687 549 1710 Ch
608 1688 620 1709 7
636 1688 670 1710 ita
683 1687 714 1710 M
770 1687 784 1710 8
800 1687 924 1711 concitatu·
939 1687 959 1710 S
1021 1689 1048 1710 ut
1062 1694 1106 1711 on.
1125 1687 1145 1709 7

204 1725 218 1747 9
233 1724 355 1746 forinsecus
370 1724 455 1753 aliquid
471 1724 490 1746 S
562 1724 637 1753 agitur
651 1731 693 1747 om.
709 1724 729 1747 Β
802 1724 829 1747 10
844 1731 887 1746 non
904 1731 952 1746 esne
967 1724 998 1746 M
1070 1725 1103 1747 sie.
1118 1724 1144 1748 S¹

206 1761 231 1784 11
248 1767 288 1789 per
301 1767 344 1783 om.
359 1761 388 1783 M
452 1761 543 1783 obtusos
560 1761 594 1783 Oh
608 1761 703 1784 obtunso
721 1761 808 1784 GBSY
820 1760 914 1784 obtunso
929 1760 955 1783 F
1012 1762 1039 1784 13
1054 1761 1098 1784 Hie
1117 1761 1148 1784 W

204 1798 236 1820 sic
250 1797 281 1820 M
359 1797 434 1820 sutura
448 1802 490 1821 om.
506 1797 623 1821 MWYM
694 1799 721 1821 14
735 1798 893 1827 praenuntient
909 1797 952 1820 070¹
1026 1798 1054 1821 15
1070 1798 1144 1828 qum]

206 1834 264 1863 quod
279 1834 341 1856 MW
400 1835 492 1863 angelos
507 1842 558 1857 suos
574 1835 604 1857 ba
662 1835 775 1864 opentur]
791 1835 906 1857 ordinauit
920 1834 940 1857 Β
1012 1835 1039 1857 16
1055 1835 1145 1864 dispen-

205 1871 292 1893 satione
311 1870 331 1892 V
375 1871 469 1894 mdiunt
483 1873 510 1894 ut
523 1872 681 1901 praenuntient
691 1878 733 1894 om.
744 1871 826 1894 MWS
870 1872 896 1894 17
912 1872 951 1901 qui
965 1871 991 1894 F
1030 1871 1058 1895 18
1073 1879 1145 1902 neque

205 1908 313 1930 falluntur
327 1914 370 1931 σπι.
385 1908 408 1930 Β
468 1903 494 1931 19
510 1909 529 1931 si
543 1908 573 1930 M
631 1908 762 1938 indignante
777 1909 885 1938 recipitur
901 1908 936 1931 Ch
999 1908 1069 1939 qnod]
1086 1911 1112 1932 ut
1128 1909 1147 1932 0

206 1946 232 1967 ut
247 1944 307 1973 quod
321 1945 346 1967 Ε
399 1945 428 1967 20
443 1947 467 1968 et
481 1945 574 1968 audiant
587 1945 618 1968 M
674 1945 806 1975 praedicunt
825 1945 846 1967 V
895 1946 921 1968 21
939 1945 985 1968 sint
1004 1945 1025 1967 V
1081 1946 1145 1969 inno-

207 1983 294 2004 tescant
308 1980 328 2004 8
370 1981 398 2004 22
414 1981 478 2004 bonis
493 1981 513 2004 S
569 1983 634 2005 malis
649 1981 667 2005 S
