1355 2653
193 345 247 373 536
483 344 506 368 S.
529 344 643 368 Aureli
663 345 843 375 Augustini

193 427 256 456 haee
279 427 330 456 sibi
352 428 531 463 procnrareut;
555 426 647 454 deinde
668 427 805 456 ostendere
826 427 978 462 euangelica
995 427 1043 454 illa
1059 435 1135 463 prae-

192 473 276 508 cepta,
302 472 335 500 de
360 472 456 507 quibus
481 471 600 499 nonnulli
624 479 675 499 non
701 471 787 499 solum
812 471 953 507 pigritiam.
979 471 1026 499 sed
1052 472 1133 501 etiam

192 516 370 552 adrogantiam
401 524 476 544 suam
505 516 603 549 fouent,
630 515 773 550 apostolioo
798 518 936 552 praecepto
962 517 990 544 et
1014 517 1133 552 exemplo

162 560 164 563 ’
193 568 243 588 nou
269 568 328 588 esse
354 560 490 588 conti-aria.
523 559 661 587 uideamus
686 560 783 594 itaque,
806 560 876 587 unde
901 559 934 587 ad
959 560 1010 588 hoe
1030 561 1135 589 uenerit

192 604 338 639 apostolus,
360 605 391 631 ut
417 604 526 631 diceret:
553 604 582 631 si
608 603 683 638 quis
710 612 773 631 non
801 604 875 632 uult
905 604 1045 639 operari.
1071 612 1132 632 nee
1157 614 1169 631 ε

192 656 262 675 man
271 648 379 681 (lucet,
399 649 425 675 et
443 648 506 683 quid
522 648 614 675 deinde
629 649 757 680 contexat,
771 649 803 675 ut
817 656 848 675 ex
862 648 921 682 ipsa
935 648 1134 676 circumstantia

190 691 313 720 lectionis
332 692 454 727 adpareat
473 691 604 719 declarata
618 692 755 720 sententia,
774 692 1021 725 denuntiamus,
1036 692 1133 727 inquit,

191 736 298 769 uobis,
318 736 452 769 fratres,
471 736 503 763 in
524 736 655 763 nomine
673 736 798 764 domini
818 737 927 764 nostri
945 736 1023 764 Iesu
1043 736 1134 765 chri-

194 779 251 813 sti,
273 781 311 808 ut
335 779 551 808 subtrahatis
577 788 636 808 uos
666 780 704 808 ab
734 781 822 808 omni
847 781 953 808 fratre
978 781 1133 816 inquiete

191 824 384 851 ambulante
414 824 447 851 et
475 832 536 851 uon
571 824 750 852 secundum
782 824 1001 852 traditionem
1036 833 1165 860 quamn

192 870 396 904 acceperunt
425 876 441 895 a
470 868 575 896 nobis.
608 868 675 903 ipsi
706 868 791 895 enim
822 868 938 900 scitis,
968 869 1132 904 quomodo

191 914 346 947 oporteat
357 912 485 940 imitari
497 921 563 944 nos,
576 912 653 947 quia
668 920 729 940 nou
741 912 888 947 inquieti
899 912 1026 940 fuimus
1042 913 1134 941 inter

191 964 251 984 uos
270 964 375 992 neque
394 964 509 991 panem
528 956 636 992 gratis
656 956 694 983 ab
713 956 827 991 aliquo
846 956 1132 990 manducauimus,

191 1000 249 1028 sed
267 1001 300 1028 in
316 1001 429 1028 labore
445 1003 477 1028 et
491 1000 696 1036 fatigatione
711 1000 764 1028 die
779 1008 814 1028 ao
829 1002 927 1028 nocte
942 1003 1129 1036 operantes,

190 1052 229 1071 ne
244 1048 337 1079 que'm
353 1046 504 1072 uestrum
519 1052 748 1080 grauaremus:
764 1053 825 1072 uon
841 1044 920 1080 quia
935 1053 994 1073 non
1010 1045 1129 1074 habue-
1142 1055 1161 1072 ia

190 1089 294 1116 rimus
324 1090 539 1124 potestatem,
572 1090 627 1116 sed
658 1090 695 1116 ut
719 1090 850 1116 nosmet
874 1089 967 1124 ipsos
993 1089 1134 1117 formam

191 1132 344 1160 daremus
366 1132 474 1165 uobis,
493 1140 556 1167 qua
576 1140 635 1160 nos
656 1126 886 1160 imitaremini.
916 1140 987 1159 uam
1006 1134 1041 1160 et
1059 1141 1132 1160 cum

191 1177 277 1212 apud
296 1185 355 1205 uos
375 1185 534 1209 essemus.
549 1176 610 1204 hoc
625 1176 723 1204 uobis
737 1176 1040 1212 praecipiebamus,
1055 1184 1133 1212 quo-

190 1220 285 1252 niam.
315 1221 344 1248 si
374 1221 449 1256 quis
480 1229 540 1248 non
572 1221 649 1247 uult
678 1221 822 1255 operari,
852 1228 910 1248 neo
941 1220 1132 1249 manducet.

191 1264 384 1293 audiuimus
411 1265 495 1293 enim
519 1265 676 1300 quosdam
700 1265 790 1292 inter
811 1273 870 1292 uos
893 1265 1064 1293 ambulare
1087 1265 1169 1294 iri-n

191 1309 307 1344 quiete
332 1309 419 1337 nihil
445 1311 632 1345 operantes,
661 1309 719 1337 sed
741 1308 875 1337 curiose
897 1311 1046 1345 agentes.
1075 1309 1132 1337 his

191 1354 309 1385 autem,
332 1353 389 1388 qui
415 1353 486 1381 eius
512 1353 597 1380 modi
624 1355 709 1386 sunt,
731 1353 957 1388 praecipimus
983 1355 1017 1380 et
1038 1353 1131 1381 obse-

191 1405 322 1425 cramus
348 1398 379 1425 in
406 1397 536 1425 domino
559 1397 635 1424 Iesu
658 1397 804 1430 Christo.
827 1399 863 1424 ut
888 1404 959 1424 cum
987 1397 1131 1425 silentio

191 1443 369 1476 operantes
389 1449 482 1469 suum
502 1449 616 1477 panem
634 1441 841 1469 manducent.
860 1441 925 1475 quid
943 1440 976 1468 ad
994 1441 1058 1468 haee
1076 1441 1132 1469 diei

189 1486 285 1520 potest,
311 1485 520 1520 quandoquidem
550 1493 582 1513 ne
613 1485 735 1520 cuiquam
764 1486 857 1521 postea
885 1485 976 1512 liceret
1006 1485 1055 1512 hoo
1080 1493 1131 1520 pro
1146 1498 1171 1515 :a

191 1529 334 1562 uoluntate,
356 1538 406 1558 non
432 1538 479 1565 pro
505 1530 612 1557 caritate
633 1529 806 1565 interpretari,
829 1529 945 1564 exemplo
967 1537 1016 1557 suo
1039 1529 1132 1558 docuit

263 1617 277 1638 5
292 1615 316 1638 11
330 1615 408 1638 Thess.
424 1616 445 1642 3,
463 1616 489 1638 10
533 1617 546 1638 7
562 1616 585 1638 11
600 1615 678 1639 The-n.
693 1616 714 1642 8,
729 1615 802 1638 8—12

220 1667 234 1689 8
249 1666 372 1696 apostolico
386 1666 465 1689 fouent
479 1666 504 1689 N
547 1667 561 1689 4
576 1666 677 1689 uidemus
688 1674 701 1696 γ
742 1667 756 1689 5
770 1673 815 1689 non
829 1666 950 1689 manducet
964 1666 1133 1696 PVDAMYM

190 1704 204 1726 ⁶
219 1704 349 1726 contexerat
359 1703 382 1726 P
397 1704 536 1726 contraxerat
546 1711 560 1733 γ
575 1703 696 1726 contexerit
707 1703 732 1726 D
746 1704 884 1726 contexuerit
893 1703 924 1726 Μ
967 1703 1001 1733 ex]
1017 1704 1041 1726 et
1055 1703 1135 1728 VDat

190 1740 205 1762 Β
220 1740 300 1762 fratrea
314 1740 359 1762 mei
374 1740 447 1762 Pvu
521 1741 549 1763 12
564 1740 646 1763 fuimus
661 1740 757 1769 inquieti
771 1740 803 1763 bd
869 1740 897 1763 13
911 1747 991 1769 panem
1006 1740 1034 1763 ab
1050 1740 1132 1770 aliquo

191 1777 260 1806 gratia
275 1776 307 1800 ba
363 1776 544 1800 manducabimus
559 1776 591 1800 ΙΝ
636 1777 664 1800 14
679 1776 713 1806 ao]
729 1778 753 1800 et
771 1777 793 1799 V
833 1777 961 1800 laborantes
975 1777 1006 1800 Π
1045 1777 1072 1800 17
1088 1777 1130 1800 da—

190 1820 249 1836 rem·
259 1813 285 1836 F
341 1813 380 1844 qui
398 1813 442 1836 VD
500 1815 524 1836 et
537 1821 579 1836 om.
595 1813 662 1836 LFA
708 1814 735 1836 1⁹
749 1814 790 1836 uul
800 1813 824 1836 B
881 1820 925 1836 non
941 1813 1133 1844 ΡΟῩΒΔΜγΜ

190 1850 219 1873 20
234 1850 346 1873 ambulare
361 1851 420 1873 inter
435 1857 474 1873 uos
489 1850 587 1873 PVDM
629 1851 740 1880 inquietes
754 1857 768 1880 τ
798 1851 825 1873 21
840 1849 885 1873 hiis
900 1850 943 1879 (eie
954 1851 1093 1880 plen-nque)
1105 1852 1131 1874 A

190 1887 219 1909 22
235 1888 259 1910 et
272 1894 314 1910 om.
327 1887 360 1909 N¹
389 1888 417 1910 23
433 1886 522 1909 domino
536 1888 612 1910 nostro
623 1894 636 1919 γ
666 1888 695 1910 24
707 1889 813 1917 operante
824 1887 856 1910 Ν*
901 1894 981 1917 panem
996 1894 1060 1910 suum
1071 1888 1133 1911 mni

190 1924 220 1947 25
234 1930 275 1947 uec
293 1924 363 1947 VDN
419 1924 498 1947 liceret
513 1925 591 1953 postea
604 1924 695 1947 LOFB
742 1925 770 1947 26
786 1923 887 1953 caritate]
903 1925 999 1947 ueritate
1012 1931 1026 1953 γ
1085 1932 1129 1948 suo

191 1960 290 1990 exemplo
304 1968 317 1989 γ
