1355 2653
189 357 243 385 584
483 356 505 378 S.
528 355 641 378 Aureli
663 354 840 384 Augustini

191 434 328 471 discipulis
349 435 445 464 Christi
472 435 586 462 obiceret
610 435 689 462 huius
708 435 778 461 modi
798 435 986 469 quaestionem,
1013 443 1060 462 cur
1078 444 1127 463 non

190 480 327 507 stetissent
348 480 437 514 potius
460 481 486 506 et
504 479 627 506 inuocato
646 478 694 506 deo
713 487 759 514 per
777 479 834 506 eius
853 479 982 506 mirabilia
1000 480 1039 507 sic
1058 487 1128 506 erne-

190 526 279 552 rentur
300 525 331 551 ut
350 523 460 551 Danihel
479 532 494 550 a
518 523 646 555 leonibus,
671 524 702 550 ut
720 523 813 550 Petrus
833 531 863 550 ex
881 523 1005 556 uinculis,
1024 532 1128 558 respou-

191 568 280 595 derent
301 576 351 596 non
371 576 399 595 se
419 567 564 602 oportuisse
584 568 711 602 temptare
731 567 817 599 deum,
840 568 886 594 sed
904 569 967 596 tunc
986 576 1046 595 eum
1065 568 1130 595 talis

191 613 214 639 si
233 613 316 639 uellet
333 620 391 639 esse
410 612 549 644 facturum,
569 619 629 638 cum
647 612 700 646 ipsi
719 611 780 646 quid
799 612 913 639 facerent
927 620 977 639 non
993 612 1128 644 haberent:
1152 623 1164 640 ι

191 664 252 684 oum
270 664 332 683 uero
352 656 390 684 eis
409 656 498 692 fugam
513 656 540 683 in
555 657 713 690 potestatem
729 655 853 688 dedisset,
874 656 977 684 etiamsi
996 665 1042 691 per
1055 657 1130 684 illsm

192 701 343 732 liberantur,
370 708 420 727 non
447 701 498 727 nisi
524 700 555 727 ab
583 701 640 734 ipso
666 700 781 727 libcrari:
808 700 847 727 sic
873 700 952 727 etiam
977 701 1019 727 dei
1045 701 1131 728 seruis

191 745 346 772 meantibus
377 746 404 771 et
437 744 585 771 ualentibus
616 744 732 779 exemplo
763 745 790 771 et
818 746 955 779 praecepto
985 745 1130 779 apostolico

191 788 311 816 manibus
338 789 395 815 suis
422 788 523 815 uictum
549 788 702 823 transigem,
728 788 751 815 si
777 789 836 823 quis
862 789 998 824 euangelio
1017 790 1132 818 mouerit

194 833 371 868 quaestionem
396 833 427 860 de
451 832 605 859 uolatilibus
631 832 705 864 caeli.
724 840 790 866 quae
816 840 866 860 nou
893 833 1021 872 seminant
1046 841 1131 868 neque
1144 844 1166 862 ιο

191 879 293 904 metunt
311 884 394 911 noque
413 877 572 911 congregant
589 876 615 903 in
634 876 783 911 apothecas,
807 878 835 904 et
852 876 884 904 ‹lo
902 877 966 904 liliis
985 877 1050 912 agri,
1070 878 1132 912 quin

191 929 241 948 uou
268 921 386 948 laborant
407 929 491 955 neque
510 922 579 953 nent,
606 920 681 947 facile
700 920 903 956 respondebunt:
931 921 954 948 si
973 923 999 948 et
1017 929 1067 949 nos
1086 930 1132 957 per

191 965 305 999 aliquam
339 965 382 992 uel
411 964 588 992 infirmitatem
618 965 662 992 uel
691 964 887 999 occupationem
916 973 966 993 uon
995 966 1132 1000 possimus

192 1009 300 1043 operari,
319 1009 358 1036 sic
376 1017 423 1036 nos
443 1009 487 1036 ille
506 1009 597 1043 pascet
615 1010 642 1036 et
660 1009 765 1041 uestiet,
785 1009 1001 1043 quomadmodum
1022 1018 1086 1038 sues
1105 1012 1133 1038 et

191 1053 255 1086 lilia,
275 1060 341 1088 quae
360 1052 426 1080 nihil
445 1054 583 1087 operantur
601 1053 680 1080 huius
698 1052 778 1085 modi,
797 1061 856 1080 cum
876 1054 963 1080 sutem
978 1062 1131 1089 possumus,
1144 1064 1165 1082 ιι

192 1105 241 1124 nou
269 1097 393 1124 debemus
419 1098 546 1131 temptare
573 1096 650 1124 deum
677 1099 803 1128 nostrum,
834 1097 895 1132 quis
923 1099 950 1124 et
975 1097 1033 1129 hoc.
1061 1097 1132 1132 quod

192 1149 342 1175 possumus,
368 1141 425 1168 eius
444 1149 549 1168 munere
568 1149 709 1175 possumus
729 1143 763 1173 et,
784 1149 842 1169 curn
861 1141 921 1169 hinc
939 1141 1067 1174 uiuimus,
1085 1142 1129 1169 illo

192 1185 318 1220 largiente
340 1185 467 1217 uiuimus,
490 1185 534 1219 qui
557 1185 669 1220 largitus
692 1186 740 1218 est,
763 1187 795 1212 ut
812 1185 952 1220 possimus.
976 1187 1004 1213 et
1020 1185 1081 1214 ideo
1100 1185 1130 1213 de

193 1229 253 1257 istis
267 1229 421 1257 necessariis
436 1229 543 1256 solliciti
559 1237 608 1256 non
626 1237 727 1261 sumus,
746 1229 815 1263 quia,
836 1237 894 1256 cum
910 1229 974 1257 haec
988 1237 1130 1264 possumus

193 1281 280 1308 agere,
309 1273 354 1302 ille
381 1281 428 1300 nos
454 1273 540 1308 pascit
566 1275 593 1300 et
618 1273 708 1306 uestit,
736 1281 752 1299 a
777 1281 827 1308 quo
852 1274 995 1308 poscuntur
1013 1273 1165 1303 homiues„

194 1318 272 1352 atquc
294 1317 457 1348 uestiuntur;
480 1325 539 1344 oum
559 1324 621 1344 uero
641 1317 705 1344 haec
722 1325 773 1344 nou
793 1324 934 1353 possumus
952 1325 1039 1352 agere,
1061 1317 1130 1345 idem

192 1361 250 1396 ipse
270 1369 317 1388 uos
335 1361 420 1396 pascit
438 1362 465 1388 et
482 1361 572 1394 uestit,
592 1368 607 1387 a
626 1369 676 1395 quo
696 1369 758 1388 aues
777 1362 919 1396 pascuntur
937 1364 963 1388 et
981 1361 1038 1388 lilia
1052 1361 1132 1388 uesti-

267 1469 281 1492 8
296 1469 324 1492 ef.
339 1469 396 1492 Dan.
412 1470 433 1496 6,
448 1469 477 1492 23
536 1469 563 1491 cf.
579 1469 628 1491 Act.
645 1469 680 1495 12,
696 1469 709 1491 7

227 1527 237 1550 1
254 1526 363 1550 obiecerit
376 1527 407 1550 M
449 1528 463 1550 2
478 1527 568 1550 stetisse
584 1527 606 1549 B
621 1527 722 1550 stetisset
732 1527 791 1550 ΡΗ)
864 1528 911 1557 per]
928 1534 967 1556 pro
978 1526 1009 1549 Μ
1066 1527 1132 1550 min—

194 1563 235 1586 bili
250 1564 334 1586 uirtute
348 1564 401 1586 PM
413 1564 537 1586 mirsbilem
552 1564 658 1586 uirtutem
673 1564 710 1593 D'!
770 1564 783 1587 8
799 1564 832 1593 ex]
849 1571 862 1586 u
876 1564 903 1586 N
959 1564 1105 1593 responderet
1119 1564 1133 1592 β

194 1601 209 1623 4
224 1600 343 1629 temptare]
360 1600 444 1623 imitui
459 1600 484 1623 D
557 1600 670 1623 dominum
685 1597 758 1630 Dus
823 1602 837 1624 5
852 1600 925 1623 fucere
939 1601 973 1631 Ρ(
1047 1601 1061 1623 6
1077 1601 1098 1623 ei
1112 1600 1135 1623 Ρ

195 1637 281 1666 rugum]
297 1643 395 1666 pugnam
411 1637 424 1666 β
483 1637 505 1659 in
520 1639 567 1666 pot.
583 1637 659 1666 sugam
674 1637 705 1660 M
758 1638 771 1660 7
786 1637 933 1660 liberarentur
947 1636 979 1660 ba
1036 1637 1132 1660 libem-

194 1675 232 1696 tur
242 1673 264 1695 A
300 1673 314 1696 8
330 1673 462 1696 uocantibus
477 1682 489 1703 γ
505 1674 647 1697 uastantibus
658 1674 686 1696 N
719 1675 733 1697 9
749 1674 842 1703 uictum]
858 1674 928 1697 uitam
945 1674 1031 1704 PDMY
1072 1675 1097 1697 11
1110 1674 1133 1697 in

194 1709 279 1732 horreis
299 1709 386 1739 PDM7
406 1710 520 1739 apothecis
535 1711 557 1733 A
577 1712 693 1740 spot-ecus
708 1711 730 1733 L
804 1711 831 1734 12
849 1717 891 1733 nec
904 1711 927 1733 Δ
1015 1712 1087 1734 neunt
1100 1711 1134 1740 ἢ

195 1748 261 1769 namt
277 1746 297 1769 G
310 1753 353 1769 om.
369 1747 391 1769 Α,
437 1747 464 1770 13
479 1747 515 1770 uel
527 1754 563 1776 pr.
579 1754 621 1770 om.
637 1747 668 1770 M
713 1755 828 1776 possumus
842 1747 937 1770 ABDN
951 1754 1067 1777 possemus
1081 1747 1136 1770 LO²

197 1783 224 1805 14
239 1782 278 1805 ille
293 1789 334 1805 nos
350 1782 380 1805 ba
427 1790 467 1806 nos
483 1783 555 1813 pascit
570 1783 608 1806 ille
623 1784 648 1806 D
695 1784 769 1813 puscit
782 1783 869 1813 PBH-f
914 1786 937 1806 et
952 1790 994 1807 om.
1011 1783 1134 1812 OLOFNB

195 1819 266 1841 uestit
280 1818 367 1842 P’DM
426 1820 453 1842 15
469 1820 507 1849 qui
521 1820 547 1842 N
604 1820 695 1843 huiusce
711 1820 742 1843 ba
800 1821 827 1844 16
843 1822 955 1850 atteptue
969 1820 999 1842 M
1057 1820 1134 1850 deum]

196 1855 308 1878 dominum
325 1855 391 1879 deum
406 1856 482 1879 PDM
495 1856 608 1879 dominum
623 1857 681 1886 AB]r
746 1859 846 1879 nostrum
862 1864 903 1880 mn.
920 1856 934 1885 β
992 1864 1037 1880 non
1052 1858 1106 1886 quis
1121 1857 1134 1886 β

198 1893 224 1914 17
239 1892 278 1914 hic
293 1892 338 1915 AB
392 1893 419 1916 18
435 1894 487 1922 quin
503 1893 546 1916 ΡΙ)
604 1893 699 1923 largitur
713 1893 744 1916 M
795 1894 822 1916 19
836 1900 881 1916 non
896 1900 939 1917 om.
954 1902 966 1923 γ
1025 1894 1096 1917 eImus
1110 1894 1136 1917 D

196 1929 251 1951 haee
267 1935 334 1958 agere
349 1936 393 1952 non
410 1932 435 1956 (s.
453 1930 477 1958 1,)
492 1937 609 1959 possumus
623 1930 654 1953 M
703 1931 732 1953 20
746 1930 795 1960 ille]
812 1930 871 1953 idem
887 1930 934 1960 ipse
949 1930 976 1953 N
1032 1938 1046 1953 n
1062 1938 1133 1960 quo-—

196 1966 266 1987 uestit
279 1972 320 1989 om.
336 1965 366 1988 M
466 1967 575 1996 homines]
592 1973 667 1989 omnes
681 1966 755 2002 Ρῦἴβ
843 1967 871 1990 21
888 1968 965 1996 atque]
982 1968 1006 1989 et
1019 1967 1135 1997 DFN-fbd
