1355 2653
189 369 243 395 476
480 368 501 389 S.
525 367 634 389 Aureli
658 367 834 396 Augustini

191 449 305 481 seueram
329 455 376 475 nos
399 449 488 475 contra
509 449 540 474 ut
558 447 591 474 ad
609 455 699 474 eorum
721 447 904 481 perueniamus
929 446 1088 482 indaginem,
1107 446 1129 473 si

189 492 403 519 Priscillianistas
419 500 466 519 nos
482 499 539 519 esse
555 492 703 524 mentimur,
719 491 780 526 quia
794 499 882 519 eorum
898 493 1032 527 tamquam
1042 492 1130 519 nostra

156 548 158 550 ·
190 544 283 564 sumus
303 536 425 571 dogmata
440 535 579 568 laudaturi,
595 536 714 570 quisquis
730 543 760 562 es
775 535 921 568 crediderit.
937 536 984 562 ant
997 535 1130 562 confirma-

190 581 263 607 bitur
284 580 354 614 apnd
376 587 420 607 eos
444 580 490 606 sut
511 579 680 606 transferetur
701 579 733 606 ad
752 586 797 606 eos
815 579 920 606 interim
938 578 1037 607 stetim.
1068 577 1130 612 qnid

190 626 278 652 autem
297 624 361 651 hora
378 625 567 658 superuenturs
585 623 676 657 pariat,
696 625 784 650 utrum
803 623 862 650 inde
880 624 972 658 postea
988 622 1132 649 liberentur
1153 632 1165 650 ι

191 677 253 695 uera
275 668 422 695 dicentibus
447 668 530 700 nobis,
553 667 599 702 qui
622 667 723 703 decepti
746 668 808 695 sunt
829 667 981 694 fallentibus
999 666 1085 699 nobis,
1104 668 1131 693 et

191 714 279 740 utrum
299 712 386 739 andire
405 712 490 739 uelint
508 712 652 743 docentem,
672 719 748 746 quem
764 711 802 738 sic
817 711 914 746 experti
930 710 1130 738 suntmentien-

190 758 252 789 tem,
279 756 338 790 quis
361 756 464 783 nouerit
486 756 604 782 certum?
626 755 685 789 quis
707 755 757 782 hoc
780 763 838 782 esse
859 755 963 790 ignoret
983 754 1130 782 incertum?

191 809 221 828 ex
240 809 291 835 quo
312 800 446 835 colligitur
463 799 635 834 perniciosius
654 801 708 830 aut,
727 801 758 826 ut
776 799 867 826 mitius
885 799 984 834 loquar,
1004 798 1131 833 periculo-

192 844 248 871 sius
270 844 375 871 mentiri
394 843 545 874 catholicos.
565 845 597 870 ut
613 843 757 870 haereticos
776 843 888 877 capiant,
907 851 985 878 quam
1002 842 1130 870 menfiun-
1145 853 1165 869 ιο

191 891 235 915 tur
256 888 388 919 haeretici.
411 888 442 913 nt
464 886 606 914 catholicos
628 887 734 918 lateant,
765 887 887 921 quonism
909 887 1029 922 quisquis
1048 886 1132 914 credit

191 932 328 959 catholicis
350 930 499 958 mentiendo
522 930 718 966 temptantibus,
739 933 785 957 aut
804 930 915 958 efficitur
932 932 979 958 aut
996 930 1130 958 confirma-

191 977 235 1002 tur
264 974 418 1007 haereticus,
449 974 568 1009 quisquis
598 976 685 1001 autem
711 974 794 1002 credit
818 974 954 1002 haereticis
980 974 1129 1002 mentiendo

192 1023 250 1046 sese
273 1018 474 1050 occultantibus,
497 1026 547 1045 non
570 1018 667 1046 desinit
684 1027 746 1046 esse
766 1019 918 1046 catholicus.
949 1019 1017 1053 qnod
1036 1019 1068 1046 ut
1085 1018 1131 1046 fiat

190 1063 303 1098 planius,
319 1063 407 1098 aliqua
422 1063 532 1097 exempli
547 1063 631 1098 gratia
644 1071 819 1098 proponamus
834 1065 900 1091 etex
912 1063 950 1091 eis
961 1063 1130 1098 potissimum
1144 1071 1165 1089 ιι

192 1107 306 1142 scriptis,
325 1115 391 1141 quae
409 1107 474 1135 mihi
491 1107 603 1141 legenda
619 1107 725 1134 misisti.

229 1153 253 1178 5.
279 1151 346 1178 Ecce
373 1150 564 1178 constituamus
590 1152 650 1178 ante
676 1152 767 1179 oculos
793 1151 917 1178 callidum
944 1151 1130 1186 exploratorem

193 1195 315 1222 accedere
338 1195 370 1221 ad
394 1203 462 1227 enm,
485 1203 561 1229 quem
581 1195 808 1223 Priscillianistam
827 1203 885 1223 esse
902 1195 1085 1230 praesenserit,
1104 1196 1132 1222 et

193 1239 301 1266 Dictinii
317 1239 432 1274 episcopi
448 1239 491 1266 uel
507 1240 606 1275 cogniti
621 1240 702 1266 uitam
718 1240 761 1267 uel
776 1240 903 1275 incogniti
916 1240 1010 1267 famam
1024 1239 1132 1267 laudare

193 1283 361 1315 mendaciter3
381 1285 423 1310 est
441 1283 491 1310 hoc
505 1283 667 1311 tolerabilius
683 1284 777 1316 adhuc,
793 1284 854 1318 quia
867 1284 913 1311 ille
927 1285 1035 1319 putatur
1048 1283 1131 1311 fuisse
1144 1292 1167 1309 so
1215 1294 1218 1298 ·

193 1327 338 1354 catholicus
365 1328 442 1362 atquo
468 1336 498 1354 ex
524 1328 570 1354 illo
598 1335 681 1355 errore
704 1329 842 1355 correctns.
876 1328 967 1355 deinde
989 1327 1131 1355 Priscillia-

193 1379 254 1397 num
274 1386 310 1390 —
328 1371 378 1398 hoc
397 1371 473 1403 enim⁴
485 1372 602 1406 sequitur
620 1371 645 1398 in
665 1373 718 1399 arte
736 1372 878 1399 mentiendi
898 1387 932 1392 —
950 1372 1132 1399 uenerabiliter

268 1451 295 1473 19
311 1450 407 1473 Dictinii
421 1450 490 1473 Libr-

223 1502 233 1523 1
251 1501 279 1523 sd
294 1508 336 1524 om.
355 1501 421 1524 (ἔἸιΤι
491 1504 517 1528 ut
531 1501 659 1531 indaginem
675 1502 710 1531 (ut
724 1509 773 1531 exp.
788 1509 817 1525 no.
833 1504 857 1530 2)
877 1502 897 1525 Τ
910 1504 936 1525 nt
950 1501 1079 1531 indsginem
1096 1502 1130 1525 01·

192 1538 206 1560 2
221 1538 330 1560 mentitur
343 1538 366 1561 R
381 1539 515 1561 mentimur
529 1539 596 1568 LF7¹
655 1540 731 1561 nostrs
748 1538 805 1561 Tor·
848 1539 862 1562 8
877 1545 915 1562 eos
930 1539 952 1561 V
989 1539 1004 1562 4
1019 1540 1076 1569 »put
1085 1539 1132 1562 ΒΤ

192 1575 269 1597 statim
285 1576 325 1597 aut
338 1575 485 1598 transferetur
500 1574 527 1597 nd
544 1582 581 1597 eos
596 1576 685 1598 interim
704 1576 726 1598 V
767 1576 866 1605 interim]
882 1575 974 1598 interitu
989 1575 1003 1604 β
1048 1576 1098 1605 quit
1112 1576 1132 1598 V

192 1612 206 1634 5
222 1618 261 1633 orn.
281 1612 301 1634 Τ
353 1612 367 1635 6
382 1612 516 1635 falsantibus
535 1612 554 1634 V
610 1613 622 1635 7
638 1613 710 1635 uelint
726 1612 803 1635 audire
817 1620 830 1641 γ
889 1612 999 1635 dicentem
1017 1612 1039 1635 T
1051 1619 1094 1637 on.
1109 1613 1131 1635 Ρ

192 1655 258 1677 quem
272 1648 314 1677 sio]
331 1649 370 1677 qui
385 1649 430 1671 FL
488 1649 502 1671 8
517 1655 565 1671 esse
580 1649 623 1671 hoc
641 1649 697 1672 1⁸01·
754 1650 843 1678 ignoret
857 1656 907 1671 esse
922 1648 936 1677 β
994 1650 1009 1672 9
1023 1649 1130 1679 pernitio-

192 1685 238 1707 sius
254 1693 268 1715 φ
301 1685 328 1708 10
342 1686 437 1707 mentire
455 1685 510 1707 Tot»
554 1685 664 1708 hereticos
680 1687 701 1713 (e
712 1692 758 1714 pro
772 1692 799 1708 ιο
813 1692 899 1714 semper
908 1685 960 1714 sm
970 1692 1046 1709 onnes
1056 1686 1130 1715 codd.)

194 1722 218 1744 11
237 1721 360 1744 catholicus
374 1722 398 1745 R
412 1722 549 1744 chatholicon
569 1722 589 1744 Τ
657 1722 832 1745 credit-autem
847 1729 890 1745 om.
905 1729 921 1752 φ
977 1722 1005 1745 13
1020 1722 1134 1745 hereticos

193 1757 259 1780 0hT¹
318 1758 428 1781 hereticos
446 1758 467 1780 Τ
524 1758 664 1781 mentiendos
678 1758 701 1782 R
715 1759 855 1785 mentiendos
870 1767 885 1788 φ
931 1760 959 1782 14
973 1760 1032 1788 sese]
1048 1766 1097 1781 esse
1108 1760 1130 1782 R

191 1801 215 1816 se
234 1794 256 1816 V
314 1794 408 1817 desi-nit
426 1795 447 1817 T
504 1794 625 1817 catholicos
643 1794 710 1817 OM*
786 1795 813 1817 1⁶
828 1795 908 1824 panius
927 1795 956 1817 1²¹
1015 1795 1091 1824 :liquo
1110 1795 1131 1817 V

192 1831 268 1860 aliqua
284 1831 310 1857 (li
325 1837 343 1853 s.
359 1832 384 1859 1.)
395 1840 409 1861 φ
434 1852 441 1858 ,
453 1838 587 1861 proonsmus
602 1832 622 1854 V
653 1832 679 1855 16
694 1832 791 1861 scriptus
807 1831 850 1854 07⁵¹
866 1832 951 1861 scriptu
966 1831 986 1854 V
1029 1839 1095 1861 quem
1107 1831 1130 1855 R

191 1868 273 1890 misisti
287 1868 384 1897 legenda
397 1876 410 1897 γ
457 1868 482 1891 17
499 1868 658 1897 exploratorem
675 1868 778 1891 callidum
798 1868 819 1890 V
873 1868 901 1891 18
915 1875 994 1898 queem
1009 1877 1025 1899 φ
1084 1870 1129 1899 pri-

191 1905 338 1927 scilianistsm
355 1905 399 1933 Μφ
475 1905 502 1927 19
521 1905 612 1934 dictynii
635 1905 750 1928 WRMGJ·
768 1905 855 1928 dictnni
877 1904 899 1927 V
915 1904 1002 1928 dictinii
1024 1905 1131 1928 TPFLG

191 1941 220 1964 20
235 1941 370 1964 mendatiter
388 1941 442 1964 Tel»
515 1942 541 1963 21
560 1942 763 1970 errore—sequitur
776 1949 818 1964 om.
837 1942 858 1964 Τ
933 1942 1085 1971 priscilisnnm
1099 1943 1130 1965 M

190 1978 219 2000 22
235 1979 305 2000 artem
325 1977 380 2000 Ten
