1355 2653
197 348 249 375 682
488 347 510 370 S.
533 347 645 370 Aureli
667 347 846 377 Augustini

194 429 305 464 gratiam
324 428 441 456 homines
460 428 601 463 eliguntur.
624 428 688 455 haec
706 430 755 461 est.
779 429 893 463 inquam,
913 429 1006 456 electio
1026 430 1136 465 gratiae.

195 480 246 507 qna
268 473 355 500 omnia
378 473 445 500 bona
463 473 557 500 merita
575 472 777 507 praeneninntur
795 472 916 501 humana.
940 474 963 501 si
981 474 1052 501 enim
1070 475 1135 501 ullis

193 517 268 544 bonis
291 518 391 544 meritis
414 517 499 550 datur,
521 518 573 544 iam
593 525 642 544 non
663 517 745 552 gratia
764 517 883 550 donatur,
906 518 953 545 aed
972 518 1061 546 debita
1078 519 1134 546 red-

193 561 272 594 ditur,
296 558 329 589 'ae
355 569 401 596 per
424 562 475 589 hoc
496 569 548 589 non
571 570 634 589 uero
656 562 760 589 nomine
783 562 867 597 gratia
889 564 1062 597 nuncupatur,
1088 563 1134 590 ubi

193 613 318 638 merces.
342 606 412 633 sicut
429 605 497 633 idem
518 605 584 633 dicit
602 606 747 640 apostolus,
770 613 827 633 non
846 605 1009 641 inputatur
1027 615 1133 634 secun·
1157 614 1169 630 ε

194 650 263 677 dum
282 650 424 685 gratiam,
444 649 498 677 sed
516 649 685 677 seeundum
705 648 852 677 debitum.
872 650 895 677 si
909 652 1006 683 autem,
1026 653 1058 678 ut
1071 659 1134 678 uera

192 694 228 722 sit
247 694 339 730 gratia,
357 694 385 721 id
404 695 446 721 est
463 694 587 729 gratuita,
605 694 672 721 nihil
689 694 789 721 inuenit
807 694 834 721 in
849 694 962 726 homine,
981 694 1024 722 oui
1038 695 1132 722 merito

193 738 317 765 debeatur
341 753 377 758 -
402 738 474 772 quod
499 738 565 765 bene
588 738 753 773 intellegitur
774 739 802 765 et
822 738 849 765 in
873 746 912 770 00,
939 738 1009 773 quod
1032 738 1132 766 dietum

192 784 243 810 est:
267 791 323 817 pro
346 782 454 810 nihilo
477 783 593 810 saluos
618 782 724 810 facies
744 790 800 810 eos
819 797 856 802 —
874 783 991 817 profecto
1010 783 1068 818 ipsa
1086 782 1133 810 dat

191 827 293 860 merita,
312 835 361 854 non
381 827 482 854 moritis
500 826 582 854 datur.
602 826 737 861 praeuenit
754 835 815 862 ergo
834 827 913 854 etiam
928 827 1016 860 fidem,
1036 835 1066 854 ex
1081 835 1133 862 qua
1147 835 1167 851 ιο

192 871 279 898 omnia
304 871 372 898 bona
394 879 471 906 opera
492 871 632 906 ineipiunt3
659 871 772 898 iustus
795 871 888 903 enim,
912 871 982 899 sicut
1004 871 1131 907 scriptum

191 917 240 948 est.
264 923 299 942 ex
321 915 391 943 fide
414 915 512 943 uiuit.
535 923 611 950 porro
635 916 723 942 autem
746 915 831 950 gratia
848 923 898 942 non
918 915 1004 943 solnm
1022 915 1132 943 adiuuat

190 960 299 991 iustum,
325 967 417 986 uerum
444 959 522 986 etiam
548 959 676 986 iustificat
701 959 810 994 inpium.
837 961 864 986 et
887 959 945 987 ideo
968 959 1047 987 etiam
1070 967 1131 987 cum

191 1004 299 1031 adiuuat
319 1003 419 1031 iustum
443 1004 470 1030 et
488 1003 593 1030 uidetur
611 1003 668 1030 eiua
686 1003 788 1031 moritis
806 1003 888 1036 reddi,
911 1011 959 1031 neo
977 1004 1016 1031 sic
1036 1004 1132 1031 desinit

191 1056 249 1075 esse
268 1048 360 1084 gratia,
380 1047 501 1083 quoniam
517 1047 543 1074 id
558 1047 673 1079 adiuuat,
694 1047 763 1081 quod
778 1049 820 1075 est
833 1047 892 1082 ipsa
906 1047 1007 1083 largita.
1025 1049 1132 1083 propter
1144 1055 1164 1073 ιι

190 1091 258 1119 hane
279 1092 368 1126 itaque
390 1092 509 1127 gratiam,
532 1100 598 1126 quae
618 1093 712 1119 cuncta
729 1092 798 1119 bona
816 1092 909 1119 merita
926 1091 1042 1127 humana
1059 1100 1131 1127 prae-

190 1136 269 1168 cedit,
288 1143 338 1163 non
357 1136 443 1163 solum
463 1135 583 1164 Christus
603 1136 634 1163 ab
653 1136 733 1170 inpiis
752 1135 856 1163 occisus
874 1137 922 1167 est.
942 1143 1034 1162 uerum
1050 1135 1130 1163 etiam

190 1188 247 1214 pro
278 1180 384 1214 inpiis
410 1181 561 1207 mortuus
588 1181 647 1207 est.
679 1182 707 1207 et
731 1181 870 1214 antequam
896 1180 1049 1212 moreretur,
1079 1188 1130 1207 non

191 1224 281 1259 utique
303 1224 397 1256 iustos.
423 1224 469 1251 sed
492 1224 671 1251 iustificandos
693 1224 775 1259 elegit
795 1224 937 1259 apostolos,
961 1224 1058 1258 quibus
1080 1224 1130 1251 ait:

191 1276 251 1304 ego
271 1276 329 1295 uos
350 1268 386 1295 de
405 1268 523 1295 mundo
544 1268 641 1303 elegi.
661 1268 756 1302 quibus
776 1268 844 1295 enim
864 1267 940 1295 dixit:
960 1268 997 1295 de
1011 1268 1162 1298 mundo»

190 1320 251 1339 non
274 1312 369 1344 estis,
392 1313 427 1344 et,
450 1320 482 1339 ne
504 1313 627 1346 putarent
648 1320 677 1339 se
699 1319 841 1346 numquam
862 1311 945 1339 fuisse
968 1311 1000 1340 de
1023 1312 1130 1342 mundo.

191 1364 249 1383 mox
269 1356 381 1383 addidit:
406 1356 463 1383 sed
482 1364 542 1391 ego
561 1363 621 1383 uos
640 1356 677 1383 de
695 1356 813 1383 mundo
833 1356 932 1392 elegi,
954 1356 1082 1391 profecto,
1101 1359 1130 1383 ut

191 1400 221 1427 de
244 1400 340 1427 mundo
362 1408 413 1428 non
432 1402 532 1433 eswnt,
554 1400 640 1435 ipsius
661 1401 688 1427 in
711 1408 756 1427 eoa
779 1394 905 1427 electione
928 1400 1062 1427 conlatum
1081 1404 1129 1427 est.

263 1499 277 1521 5
293 1497 321 1520 cs.
336 1497 398 1520 Rern.
413 1498 434 1524 4.
450 1498 464 1520 4
508 1498 522 1520 9
537 1497 573 1520 Pu.
589 1497 625 1524 55,
641 1498 655 1520 8
701 1497 726 1520 11
743 1497 801 1520 Hah.
817 1497 837 1521 2.
853 1498 868 1520 4
913 1497 940 1520 18
956 1497 983 1520 ef.
999 1497 1064 1521 Rom.
1079 1498 1101 1524 5,
1115 1498 1128 1518 6

190 1535 219 1557 20
234 1534 282 1557 ῙοΙι.
299 1535 333 1561 15,
350 1534 378 1556 19

222 1601 231 1622 1
249 1600 292 1629 est]
308 1600 326 1622 ai
342 1600 364 1623 Β
435 1599 603 1628 gratiae—ullis
618 1606 660 1622 om.
676 1600 699 1621 B
758 1600 772 1622 2
788 1600 840 1629 qua]
857 1607 949 1629 quornm
965 1600 986 1622 A
1046 1599 1092 1622 ini·
1111 1599 1130 1620 V

190 1638 204 1660 3
220 1637 324 1666 donatur]
340 1637 406 1659 datur
421 1637 588 1659 FPBDOVM
647 1636 722 1659 debito
742 1636 784 1659 VA
839 1637 855 1659 4
869 1632 952 1659 hne'V
1007 1643 1053 1659 non
1069 1637 1130 1665 uero)

191 1681 281 1696 numero
296 1674 330 1696 N¹
373 1674 387 1696 8
403 1674 498 1702 gratiam
514 1674 553 1696 ned
568 1673 689 1696 secundum
704 1681 746 1696 om.
758 1673 780 1696 L
823 1673 838 1696 Β
853 1680 879 1696 eo
895 1675 918 1701 (o
932 1679 950 1696 ε.
963 1673 987 1701 1.)
999 1673 1022 1696 L
1065 1673 1080 1696 9
1096 1673 1129 1696 sn-

192 1712 236 1734 ciet
254 1711 276 1732 V
339 1712 363 1737 et
378 1710 477 1739 profecto
492 1710 514 1732 L
564 1711 601 1733 ·10
617 1711 652 1739 ex]
668 1711 690 1732 in
706 1710 729 1733 Β
796 1717 841 1739 qua
856 1711 922 1733 etim
937 1710 961 1733 B
1021 1710 1045 1732 11
1063 1717 1130 1740 open

191 1755 233 1770 mn.
245 1747 267 1769 B
326 1747 455 1776 concipiunt
466 1747 489 1769 B
534 1748 560 1769 13
576 1747 654 1776 etiam]
668 1749 741 1770 antem
757 1747 789 1769 W
844 1747 911 1769 etiam
923 1753 965 1769 on.
976 1747 999 1769 L
1045 1747 1073 1769 14
1086 1747 1128 1775 nic]

191 1785 222 1806 sit
237 1785 258 1807 L
318 1783 406 1806 desinet
420 1782 459 1806 SA
520 1784 547 1806 15
562 1784 636 1812 gratia
650 1790 693 1806 om.
709 1783 728 1806 S
784 1783 876 1806 adiuuat
891 1782 914 1805 id
930 1783 973 1806 PB
1030 1783 1080 1812 ipsa
1095 1785 1130 1805 ent

199 1821 256 1843 Wba
322 1822 356 1843 eet
370 1827 412 1843 om.
429 1821 448 1843 S
509 1821 605 1849 largitur
619 1820 669 1843 NV
728 1821 754 1843 16
769 1820 849 1843 merita
864 1820 922 1843 bona
939 1820 958 1842 0
1016 1819 1130 1849 pnecedit

192 1857 288 1879 humana
303 1857 430 1879 FNBDW
501 1857 599 1879 humana
613 1863 655 1879 om.
674 1856 693 1880 0
766 1857 872 1886 precedet
887 1857 905 1879 S
964 1857 991 1879 18
1011 1857 1130 1879 moriretur

191 1894 274 1917 SL¹N¹
348 1894 376 1916 19
391 1894 505 1923 apostolus
521 1894 553 1916 L¹
625 1894 654 1917 20
673 1894 732 1923 elegi
748 1894 775 1917 de
790 1894 872 1917 mundo
888 1894 937 1917 NV
1023 1894 1090 1922 enim]
1106 1896 1130 1916 et

191 1931 349 1961 FBDP0W7
407 1932 434 1954 21
456 1933 479 1953 et
494 1938 536 1953 om.
553 1930 620 1954 SNV
692 1938 795 1960 nmquam
813 1930 846 1954 W
901 1931 930 1954 22
948 1930 976 1954 de
990 1931 1074 1960 mundo
1088 1938 1130 1953 noa

191 1969 249 1997 eleg-i
264 1968 286 1990 Β
345 1968 403 1997 elegi
419 1968 447 1990 de
462 1968 543 1990 mundo
559 1967 695 1996 FDOVWT
