1355 2653
194 355 248 382 326
485 353 507 376 S.
529 353 641 376 Aureli
663 354 842 383 Augustini

193 435 323 461 fei-uenter
348 435 489 466 exerceant,
512 442 562 461 nou
588 433 647 461 ideo
673 435 700 461 te
727 434 863 466 seducant,
885 436 917 461 ut
942 434 1041 462 sentias
1068 434 1137 470 quod

194 479 319 511 sentiunt,
338 478 442 506 etiamsi
465 478 549 506 facere
571 485 622 505 non
644 478 732 513 pessis
751 478 821 513 quod
839 478 947 506 faciunt.
972 486 1049 506 nemo
1069 479 1138 506 enim

193 523 254 556 nult
272 530 331 550 esse
349 522 525 557 phreneticus,
545 522 648 549 etiamsi
667 522 758 550 uideat
779 522 922 557 phrenetici
944 523 1015 551 uires
1037 523 1140 550 uiribus

194 574 314 594 sanorum
341 574 399 594 ease
422 566 550 594 fortiores.
577 566 716 601 praecipue
739 566 820 602 igitur
842 566 960 594 doctrina
981 574 1047 594 sana
1067 566 1141 594 boni-

193 612 273 638 tatem
299 610 427 645 propositi
453 611 480 637 et
506 611 578 637 ornet
604 611 632 637 et
656 610 766 637 muniat.
792 610 853 638 inde
879 612 922 638 eet
947 610 1045 646 qnippe
1068 610 1141 645 qnod
1162 621 1172 638 ι

194 654 337 682 catholicae
359 654 471 682 feminae
493 654 570 682 etiam
595 654 701 690 saepius
724 655 828 689 nuptae«
844 663 894 682 non
917 655 1005 682 solnm
1027 654 1142 683 nniuiria

193 698 289 731 uiduis,
313 698 360 726 sed
385 700 413 725 et
437 698 585 733 uirginibus
611 698 802 726 haereticorum
824 698 896 726 iusto
919 698 1017 726 iudicio
1040 698 1142 733 praefe-

192 744 292 770 runtur.
311 742 389 770 multi
407 743 471 770 sunt
488 742 593 777 quidem
614 742 645 770 de
661 742 702 770 his
717 742 803 770 tribus
817 742 897 770 rebus
912 742 1039 778 coniugii,
1053 737 1142 770 uidui-

191 786 256 814 tatis
279 788 306 814 et
327 786 487 822 uirginitatis
512 786 695 821 quaestionum
714 786 797 818 sinus,
815 787 916 814 multae
938 786 1140 822 perplen'tntea:

192 831 288 865 quibus
308 830 466 865 disputando
485 830 649 865 penetrandis
668 830 717 858 nel
727 830 904 860 dissoluendis
919 831 948 858 et
960 830 1062 858 maiore
1077 838 1142 858 cura
1155 842 1172 860 ιι

192 882 258 909 opus
281 875 323 902 est
345 876 372 902 et
394 874 537 910 copiosiore
560 881 687 906 sermone,
706 876 738 902 nt
756 875 801 902 nel
818 874 844 902 in
864 873 986 903 omnibus
1007 874 1047 903 eis
1066 875 1141 903 rem

191 919 324 954 sapiamus
339 918 390 950 uel,
407 919 430 946 si
445 918 509 953 quid
524 918 600 946 aliter
618 918 760 953 sapiamus.
772 918 800 946 id
816 926 920 954 quoqne
930 919 1007 947 nobis
1019 919 1087 947 deus
1099 927 1139 946 re-

191 964 271 990 uelet.
284 964 471 996 uerumtamen,
480 962 550 998 qnod
562 963 640 990 etiam
648 963 705 990 illic
716 964 905 997 consequenter
914 962 980 991 dicit
990 963 1140 998 apostolus,

192 1007 221 1034 in
234 1007 313 1042 qnod
328 1007 535 1041 pernenimus.
546 1007 576 1034 in
592 1014 627 1034 eo
643 1007 844 1034 ambulemus.
859 1007 1026 1042 pernenimns
1037 1008 1137 1041 auum,

192 1051 262 1086 quod
280 1050 312 1078 ad
331 1051 396 1078 hanc
415 1059 481 1083 rem,
498 1050 530 1078 de
549 1053 601 1085 qna
619 1051 761 1085 loquimur,
776 1050 884 1083 adtinet,
899 1052 931 1078 ut
949 1050 1137 1079 continentiam
1150 1061 1172 1080 ιι

191 1095 313 1130 coningio
335 1102 534 1130 praeponamus,
553 1096 670 1122 sanctam
693 1102 756 1123 uero
778 1095 959 1130 uirginitatem
977 1095 1059 1126 etiam
1078 1102 1138 1123 eon-

190 1139 316 1166 tinentiae
334 1138 434 1166 uiduali
453 1140 481 1166 et
505 1146 537 1166 ne
555 1139 657 1173 aliquas
676 1139 790 1174 nuptias,
806 1146 873 1174 quae
891 1140 978 1166 tamen
996 1147 1048 1166 non
1064 1138 1137 1166 adul-

191 1184 264 1216 teria,
280 1182 326 1210 sed
345 1183 452 1217 nuptiae
467 1184 537 1215 sunt,
554 1182 698 1210 cuiuslibet-
711 1183 794 1211 nostri
809 1185 992 1211 nostrumne
1006 1182 1138 1219 propositi

190 1227 268 1255 lande
287 1227 449 1255 damnemus.
468 1227 554 1254 multa
571 1227 624 1254 alia
641 1227 674 1254 de
692 1227 753 1254 istis
771 1227 849 1254 rebus
867 1227 939 1255 dicta
951 1228 1016 1255 sunt
1030 1235 1045 1254 a
1060 1227 1137 1259 nobis

190 1271 217 1299 in
235 1272 302 1299 libro
321 1271 358 1299 de
374 1271 456 1299 Bono
476 1271 639 1307 coniugali·
656 1273 683 1299 et
696 1271 723 1299 in
739 1271 790 1299 alio
805 1271 872 1299 libro
892 1271 928 1299 de
943 1270 1059 1299 Sancta
1076 1271 1137 1299 uir·
1150 1282 1172 1300 ιι

191 1315 327 1351 ginitate
342 1317 370 1343 et
384 1316 410 1343 in
427 1324 512 1350 opere,
529 1315 599 1350 qnod
613 1315 740 1343 aduersus
754 1315 903 1343 Faustum
918 1315 1137 1344 Manichaenm

191 1361 288 1395 quanto
306 1360 442 1394 potuimus
457 1359 545 1386 labore
561 1359 775 1394 conscripsimus.
791 1360 914 1394 quoniam
928 1360 1137 1396 patriarcharum

191 1405 219 1431 et
243 1403 429 1438 prophetarum
455 1399 529 1431 casta
554 1403 677 1439 coniugia
701 1403 899 1431 mordacissime
923 1403 1138 1439 reprehendendo

264 1526 291 1548 14
306 1526 364 1548 Phil.
380 1526 401 1553 8,
418 1526 446 1548 16
530 1526 559 1549 20
574 1525 602 1549 de
616 1526 676 1549 bono
692 1526 804 1555 coniugali
819 1533 872 1556 pag.
887 1526 931 1550 200
945 1533 995 1556 sqq.
1011 1526 1041 1550 <le
1056 1529 1139 1551 saneta

190 1562 321 1592 uirginitate
332 1569 388 1592 paq.
403 1562 447 1585 240
463 1569 512 1592 sqq.
556 1563 583 1585 21
601 1564 678 1586 contra
692 1563 800 1586 Faustum
815 1563 855 1586 lib.
870 1563 935 1586 xxn
951 1569 1015 1593 seqq.

219 1642 233 1664 2
248 1641 299 1664 nult
313 1642 372 1665 enim
388 1642 413 1665 D
471 1642 484 1664 8
499 1642 620 1665 freneticus
635 1642 699 1666 codd.
759 1642 841 1666 stenen
856 1643 878 1666 Δ
893 1642 996 1666 frenetici
1011 1643 1052 1666 nl.
1067 1643 1136 1667 codd.

189 1679 205 1701 4
220 1685 311 1701 morum
325 1678 350 1701 D
413 1679 531 1708 praecipue
546 1678 575 1701 H
631 1680 645 1703 5
661 1679 752 1709 qnippe]
768 1679 858 1709 quidem
872 1679 899 1703 N
956 1680 970 1702 7
984 1679 1137 1704 hemacorum

190 1714 254 1737 codd.
299 1714 451 1744 praeferentur
465 1714 663 1745 PTH¹AMENX
705 1715 720 1739 8
735 1715 826 1745 quidem
841 1717 895 1739 sunt
908 1716 933 1739 N
976 1716 1050 1739 tribus
1060 1716 1099 1740 bis
1110 1717 1139 1741 D

190 1751 205 1774 9
219 1751 375 1779 qumtionnm
390 1757 432 1774 σοι.
448 1750 549 1774 ΜΕΝΧ
606 1751 760 1781 ρειριίιίειιεέ
777 1751 805 1774 0¹
849 1752 876 1775 10
891 1752 977 1775 maiora
986 1752 1012 1776 E
1025 1752 1112 1784 maiorq
1122 1761 1137 1784 γ

190 1794 255 1810 curae
265 1795 279 1817 γ
321 1788 346 1810 ll
363 1789 389 1810 ut
403 1794 445 1810 om.
457 1787 489 1810 1²¹
547 1787 588 1817 eia]
603 1788 651 1811 eius
662 1788 745 1819 PYAD
786 1789 813 1811 12
828 1789 875 1818 uel]
890 1789 931 1812 sed
944 1789 1011 1813 0¹12
1024 1790 1062 1813 uel
1077 1790 1104 1822 οᾷ
1114 1791 1139 1815 Ζ

190 1824 288 1853 npimu
302 1823 496 1853 PTHMENXM
554 1825 609 1847 deus
624 1825 689 1848 nobis
703 1825 730 1847 N
788 1826 816 1849 13
831 1827 1000 1856 uerumptamen
1013 1827 1038 1850 Β
1051 1834 1137 1851 uerun-

190 1862 265 1883 tamen
279 1860 305 1883 E
358 1861 386 1884 14
401 1860 516 1884 nbnlemun
530 1861 558 1884 N
608 1862 635 1885 15
651 1862 679 1884 ad
694 1869 736 1885 om.
752 1862 800 1885 AD
857 1863 901 1886 hac
915 1863 947 1886 1³¹
1005 1864 1092 1887 attinet
1105 1863 1137 1887 de

190 1904 234 1926 qua
247 1897 358 1926 loquimur
372 1897 397 1920 X
435 1898 462 1920 17
478 1898 559 1928 aliquis
573 1898 631 1921 ΑΠ’
674 1899 703 1922 20
718 1899 833 1922 (le—libro
849 1907 891 1923 om.
907 1900 1136 1929 RHADMENX&

190 1933 217 1956 21
233 1934 372 1957 manicheum
388 1935 452 1958 codd.
494 1935 522 1958 22
538 1937 624 1964 quantu
634 1935 667 1958 B¹
725 1936 826 1959 laborare
837 1937 860 1959 A
874 1936 976 1963 labente
987 1936 1011 1959 D
1055 1937 1087 1961 2⁸
1097 1944 1135 1960 re-

189 1970 360 2000 praehendendo
376 1971 407 2000 Ογ
422 1971 559 2001 reprehendo
574 1972 607 1995 A*
621 1972 803 2002 reprehendendo
818 1973 844 1995 E
