1355 2653
190 369 244 395 388
482 366 505 389 S.
527 365 641 388 Aureli
664 366 844 394 Augustini

191 450 339 476 metuentes
365 447 489 482 peccandi
515 446 688 481 inpunitatem
715 446 769 473 dari
792 446 947 473 mulieribus
970 447 1035 479 suis,
1057 446 1134 478 illud,

191 492 261 527 quod
287 492 319 519 de
346 492 478 519 adulterae
503 490 668 526 indulgentia
694 490 815 517 dominus
841 490 912 522 feeit,
943 491 1074 518 auferrent
1100 491 1134 518 de

191 536 325 564 codicibus
356 536 421 568 suis,
451 535 525 570 quasi
556 534 753 569 permissionem
782 534 908 569 peccandi
936 535 1059 562 tribuerit
1087 535 1135 570 qui

191 580 267 607 dixit:
286 580 349 607 iam
369 580 527 614 deinceps
547 579 616 606 noli
634 583 783 614 peecare.
803 578 925 607 antideo
943 587 994 606 non
1014 579 1135 607 debuerit

191 624 286 652 mulier
304 632 320 651 a
339 623 439 651 medico
459 623 507 650 deo
523 623 596 650 illius
611 623 710 657 peceati
726 623 878 651 remissione
894 623 987 656 sanari,
1006 631 1039 650 ne
1054 623 1135 651 offen·
1161 632 1173 649 ι

190 668 312 696 darentur
333 667 426 695 insani.
457 675 541 702 neque
560 666 628 694 enim
648 667 743 701 quibus
762 666 829 694 illud
847 666 945 694 factum
965 666 1064 694 domini
1081 667 1136 695 dis-

190 713 280 747 plicet,
296 712 348 747 ipsi
363 711 452 747 pudici
468 713 529 738 sunt
544 712 572 738 et
586 719 630 738 eos
647 718 753 738 seueros
769 711 877 738 castitas
892 711 966 743 facila
982 711 1029 738 sed
1043 711 1135 746 potius

191 766 221 784 ex
239 757 285 784 illo
306 757 367 783 sunt
384 756 518 783 hominum
538 763 653 788 numero,
674 755 770 790 quibus
786 755 906 782 dominus
921 755 970 782 ait:
990 756 1046 790 qui
1062 755 1136 782 sine

190 802 331 836 peccato
355 802 407 827 est
429 801 588 832 uestrum,
607 800 699 833 prior
716 799 747 826 in
767 807 835 826 eam
853 799 1000 834 lapidem
1017 799 1135 827 iaciat.

190 845 240 872 nisi
263 844 332 880 quod
350 844 390 871 illi
409 843 568 871 conscientia
586 843 670 870 territi
688 845 852 870 recesserunt
870 845 897 870 et
914 845 1041 880 temptare
1061 843 1135 871 chri-
1152 853 1172 870 ιο

191 891 262 916 stum
293 891 371 923 atque
401 888 545 915 adulteram
575 888 696 922 persequi
722 888 888 920 destiterunt,
918 888 964 915 isti
990 889 1080 915 autern
1107 889 1136 915 et

191 934 291 968 aegroti
317 933 447 960 medicum
475 932 667 966 reprehendunt
692 932 718 958 et
739 932 765 958 in
789 932 921 959 adulteras
943 932 1055 960 adulteri
1078 940 1135 960 sae-

191 977 278 1005 uiunt:
299 977 394 1011 quibus
413 976 436 1003 si
455 976 592 1008 diceretur.
611 984 662 1003 non
681 976 750 1011 quod
765 976 804 1003 illi
819 976 968 1005 audierunt:
989 977 1044 1011 qni
1061 977 1134 1004 sine

191 1025 331 1057 peceato
355 1022 408 1048 est
430 1036 465 1040 ——
488 1020 547 1055 quis
571 1020 637 1048 enim
657 1020 714 1047 aine
732 1022 859 1055 peccato?
880 1036 911 1041 -
932 1021 991 1048 sed:
1011 1021 1057 1056 qui
1077 1021 1134 1049 sine

189 1066 242 1093 isto
265 1066 372 1100 peccato
396 1068 445 1097 est,
468 1065 560 1099 prior
582 1065 612 1091 in
636 1065 730 1092 illam
753 1065 900 1099 lapidem
922 1065 1047 1098 mittat,
1074 1067 1132 1093 tum
1150 1075 1169 1091 ιι

190 1118 252 1137 uero
275 1109 383 1137 forsitan
410 1109 560 1144 cogitarent,
586 1109 631 1143 qui
657 1108 865 1144 indignabantur,
892 1109 962 1144 quod
987 1109 1133 1137 adulteram

191 1162 241 1181 non
267 1153 423 1185 occiderant,
450 1154 546 1187 quanta
571 1153 625 1180 illie
651 1152 828 1180 misericordia
854 1153 896 1180 dei
923 1155 1080 1187 parceretur,
1102 1155 1133 1181 ut

191 1197 303 1224 adulteri
321 1197 449 1224 uiuerent.

226 1241 299 1268 vm.
320 1242 345 1269 ¹7.
365 1241 417 1269 Sed
436 1249 494 1268 cum
514 1241 577 1268 haec
597 1240 635 1268 eis
651 1240 771 1273 dicimus,
791 1249 841 1268 non
857 1241 943 1268 solum
959 1241 1025 1269 nibil
1039 1241 1135 1269 uolunt

191 1285 326 1312 detrahere
344 1285 487 1318 seueritati,
503 1285 549 1312 sed
565 1285 712 1312 irascuntur
729 1285 836 1320 insuper
853 1285 959 1312 ueritati
977 1289 1005 1312 et
1023 1286 1134 1321 loquun-
1147 1294 1168 1311 ιο

190 1331 235 1357 tur
261 1331 339 1363 atque
364 1329 532 1364 respondent:
561 1329 606 1356 sed
633 1336 681 1356 nos
707 1329 758 1356 uiri
781 1337 881 1357 sumus.
915 1338 947 1357 an
969 1338 1031 1357 uero
1055 1338 1134 1358 sexus

191 1373 275 1400 nostri
295 1373 407 1408 dignitas
426 1373 491 1400 banc
511 1373 652 1400 sustinebit
670 1373 801 1406 iniuriam,
820 1375 858 1406 ut,
879 1381 938 1401 cum
954 1374 1014 1401 aliis
1027 1374 1134 1402 feminis

190 1422 293 1452 praeter
314 1425 406 1444 uxores
429 1418 530 1444 nostras
554 1417 576 1444 si
600 1417 661 1452 quid
680 1417 853 1449 admittimus,
873 1417 899 1444 in
919 1418 1022 1445 luendis
1041 1419 1134 1452 poenis

191 1461 345 1489 mulieribus
368 1461 565 1496 comparemur?
592 1461 665 1495 qussi
688 1469 738 1488 non
760 1464 896 1496 propterea
917 1462 1001 1498 magis
1020 1462 1137 1490 debeant

266 1533 279 1555 8
295 1533 344 1557 10¹1.
359 1533 380 1560 8,
397 1534 409 1555 7

223 1577 233 1599 1
251 1576 396 1606 peccantibus
411 1576 489 1599 ῩΕΝι
504 1577 652 1606 peccandibus
666 1577 695 1600 Μ
765 1578 779 1600 2
794 1577 897 1601 auferent
910 1577 1055 1602 B¹T¹MPS=
1071 1579 1134 1602 nure-

191 1615 243 1635 rsnt
257 1613 310 1636 138¹
382 1614 396 1635 3
411 1614 513 1642 peccanti
529 1613 562 1636 ΝΙ
622 1614 742 1637 tribuerint
760 1614 780 1637 T
793 1614 904 1637 tribueret
914 1614 967 1638 -EV
1023 1615 1133 1644 qui—de-

191 1649 324 1673 bueritaem.
343 1649 432 1676 TVES.
448 1650 474 1672 in
488 1657 529 1678 ηις,
547 1650 600 1672 add.
613 1650 640 1673 N
680 1652 695 1673 4
710 1651 814 1681 deinceps
829 1651 874 1674 iam
885 1651 908 1674 Ρ
966 1652 1010 1674 iam
1025 1658 1067 1675 on.
1079 1652 1138 1675 MN

192 1688 206 1709 5
221 1686 309 1709 mulieri
321 1686 340 1709 S
381 1693 417 1708 me
433 1686 482 1708 dico
494 1685 517 1708 P
560 1687 633 1709 sanati
649 1687 710 1710 VES
745 1688 758 1710 6
773 1694 845 1717 neque
861 1688 928 1718 enim]
944 1695 1001 1717 quae
1016 1688 1077 1711 enim
1087 1688 1137 1712 BT

191 1730 236 1746 non
251 1723 309 1745 enim
329 1722 420 1745 VEMS
455 1723 467 1745 'a‘
484 1722 581 1751 perfecte
597 1724 672 1752 pudici
692 1724 782 1747 VEMS
794 1724 894 1754 Reduci?
911 1724 985 1754 pudici
999 1725 1027 1747 N
1053 1725 1068 1748 8
1080 1727 1135 1748 sunt

193 1766 219 1782 ex
233 1759 273 1782 illo
287 1759 311 1782 R
357 1759 384 1781 12
399 1758 506 1781 adulteris
517 1759 556 1787 fin.
569 1759 592 1781 P
638 1760 728 1783 seuinnt
746 1761 864 1784 TEMNR
879 1762 954 1784 sciunt
964 1762 987 1784 P
1030 1762 1059 1784 14
1074 1762 1135 1784 enim

193 1797 229 1824 est
242 1795 270 1818 N
317 1796 365 1818 sine
379 1797 471 1825 peceato
487 1798 522 1819 est
536 1796 580 1819 isto
595 1796 618 1819 R
663 1798 690 1820 15
705 1797 776 1826 illam]
793 1805 841 1820 enm
857 1797 876 1821 S
923 1799 977 1821 tnnc
996 1798 1138 1822 TVMNRS

194 1833 220 1856 16
236 1839 288 1855 uero
299 1839 346 1855 -οπι,
363 1832 459 1855 EMNS
517 1833 543 1855 17
560 1833 690 1856 occiderunt
704 1834 732 1856 8¹
747 1834 873 1857 occiderent
888 1834 1027 1858 wMRPba
1097 1836 1134 1859 dei

192 1868 345 1892 miserioordin
358 1869 444 1892 MNM
545 1870 600 1893 deus
616 1870 638 1893 P
655 1878 697 1893 om.
717 1871 780 1894 VES
879 1872 915 1901 ut]
930 1872 951 1894 ei
969 1872 1025 1900 VM,
1043 1879 1086 1895 on.
1101 1873 1134 1896 Βι

194 1906 221 1928 19
237 1907 268 1929 eis
284 1905 341 1929 haee
355 1905 383 1929 N
458 1906 551 1929 dicimus
568 1907 599 1930 eis
613 1907 637 1930 R
710 1908 739 1931 20
754 1908 886 1931 saeneritati
900 1909 923 1931 B
996 1909 1102 1932 locuntur
1116 1909 1137 1933 S

192 1943 219 1966 21
236 1950 277 1966 noe
292 1943 383 1972 quidem
394 1943 417 1967 R
475 1951 552 1966 sexsus
567 1944 588 1966 Τ
625 1945 654 1967 22
669 1945 779 1967 iustitiam
790 1945 894 1968 iniuriam
905 1945 928 1967 P
967 1946 996 1969 23
1011 1953 1101 1969 uxorem
1112 1946 1136 1969 P

192 1982 291 2002 nom-am
306 1980 329 2002 Ρ
372 1980 476 2007 ludendis
492 1981 516 2009 (d
531 1988 581 2010 exp.
596 1988 624 2005 η.
641 1982 665 2011 2)
680 1982 700 2005 1·
739 1983 768 2005 24
783 1989 935 2012 comparemus
946 1983 976 2005 M
