1355 2653
193 363 246 389 542
479 361 502 383 S.
527 360 638 383 A‘ureli
662 359 841 389 Augustini

191 441 317 469 uteretur.
342 438 412 474 quod
439 438 489 465 sibi
515 438 606 465 liceret
628 446 658 465 ex
681 437 778 465 domini
800 437 998 469 constitutione:
1026 438 1049 464 si
1073 437 1134 472 quis

190 486 278 511 autem
309 483 349 510 uti
379 483 469 515 nollet,
496 490 546 509 non
577 484 668 509 eontra
693 482 795 509 iussum
821 482 926 514 faceret,
952 482 999 509 sed
1025 481 1058 509 de
1086 490 1134 509 suo

150 558 152 560 ,
190 528 246 555 iure
259 527 395 554 decederet
410 526 603 554 misericordius
619 528 647 553 et
660 526 816 553 laboriosius
833 528 1001 554 conuersatus
1016 526 1042 553 in
1055 534 1135 553 euan-

190 572 268 607 gelio,
288 572 314 598 in
334 579 385 606 quo
405 573 432 597 et
454 571 567 598 debitam
591 570 735 598 mercedem
759 570 842 597 nollet
864 570 988 605 accipere.
1017 570 1134 605 alioquin

190 618 280 643 contra
298 616 400 642 iussum
421 615 518 642 domini
534 615 597 642 fecit
612 615 755 649 apostolus,
771 615 816 649 qui
832 618 1002 650 posteaquam
1018 615 1135 642 ostendit
1158 623 1169 641 ι

191 660 242 687 sibi
257 660 344 692 licere,
361 660 450 686 statim
468 659 590 685 subiecit:
612 658 668 685 sed
687 660 794 685 tamen
814 666 873 693 ego
889 666 948 686 non
964 667 1035 686 sum
1050 667 1133 686 usus

190 704 250 730 hac
269 705 450 738 potestate.

228 748 286 774 Vll.
306 749 332 775 8.
353 747 403 774 Sed
420 747 451 773 ad
468 746 583 774 ordinem
598 746 734 774 redeamus
751 754 780 774 ac
799 748 886 774 totum
901 747 987 782 ipsum
1004 747 1133 782 epistulae

190 793 277 818 locum
305 791 443 826 dilngenter
465 791 667 818 consideremus,
702 791 859 825 numquid
882 799 941 818 non
965 791 1132 825 habemns,

190 836 283 870 inquit,
302 836 477 863 licentiam
497 835 717 863 manducandi
736 837 767 862 et
787 835 943 863 bibendi?
972 836 1132 871 numquid
1146 845 1164 862 ιο

190 889 251 907 non
272 879 432 906 habemus
450 879 626 906 licentiam
646 888 791 907 sororem
807 880 980 907 mulierem
996 880 1132 908 circum-

190 924 354 951 ducendi?
385 932 462 958 quam
490 924 621 951 licentiam
646 924 718 957 dixit,
741 924 792 951 nisi
815 931 893 958 quam
915 924 988 951 dedit
1010 924 1132 952 dominus

191 968 237 1000 eis,
261 976 326 1002 quos
354 968 385 994 ad
412 968 612 1003 praedicandum
640 976 746 1003 regnum
774 969 904 996 caelorum
930 968 1003 996 misit
1031 969 1130 996 dicens:

191 1021 226 1039 ea
246 1020 326 1046 quae
347 1012 383 1038 ab
403 1012 490 1046 ipsis
510 1015 587 1039 sunt
606 1012 815 1045 manducate:l
836 1012 957 1048 dignus
977 1015 1029 1039 est
1047 1013 1128 1040 enim

191 1056 365 1091 operarius
389 1057 539 1084 mercede
563 1065 628 1089 sua,
648 1058 676 1084 et
694 1065 723 1084 se
740 1057 828 1091 ipsum
847 1064 992 1091 proponens
1012 1057 1046 1084 ad
1065 1057 1159 1084 eius-¹⁵

190 1101 249 1128 dem
283 1100 421 1135 potestatis
456 1101 614 1135 exemplum,
646 1101 689 1128 cui
718 1101 886 1128 fidelissimae
916 1101 1038 1129 mulieres
1069 1101 1134 1128 talia

190 1145 336 1172 necessaria
359 1145 390 1171 de
414 1145 469 1172 suis
493 1145 662 1173 facultatibus
682 1145 880 1172 ministrabant?
910 1146 1023 1180 amplius
1043 1148 1133 1173 autem

191 1189 255 1216 fecit
281 1190 415 1224 apostolus
439 1189 547 1220 Paulus,
570 1192 601 1216 ut
627 1190 658 1216 de
685 1190 844 1224 coapostolis
867 1190 921 1217 suis
944 1190 1132 1217 documentum

191 1233 326 1259 adhiberet
350 1233 428 1260 huius
455 1233 574 1259 licentiae
597 1240 613 1259 a
638 1232 741 1259 domino
768 1233 916 1267 permissae.
951 1241 1035 1267 neque
1061 1234 1132 1260 enim

191 1276 379 1310 reprehendens
389 1277 512 1303 subiecit:
525 1277 617 1304 sicut
628 1279 660 1304 et
671 1277 775 1304 ceteri
791 1277 941 1311 apostoli
957 1279 989 1304 et
1004 1279 1132 1305 fratres
1147 1285 1171 1301 υ

192 1320 316 1347 domini
335 1323 368 1347 et
387 1321 524 1355 Cephas,
545 1320 591 1348 sed
610 1323 641 1348 ut
659 1321 719 1348 hinc
738 1321 886 1348 ostenderet
903 1322 953 1349 hoc
969 1330 997 1349 se
1013 1321 1133 1357 accipere

192 1365 317 1395 noluisse,
334 1364 403 1398 quod
419 1365 443 1391 ci
458 1365 535 1391 licere
548 1365 663 1399 accipere
675 1367 817 1392 ceterorum
831 1366 908 1392 etiam
921 1366 1134 1393 commilitonum

191 1409 248 1435 eius
265 1416 335 1435 more
351 1409 510 1443 probaretur.
526 1416 563 1435 an
583 1417 641 1444 ego
661 1409 754 1436 solus
774 1411 806 1436 et
820 1410 988 1437 Barnabas
1004 1418 1065 1437 non
1083 1411 1134 1438 hu-

191 1453 304 1479 bemus
323 1454 527 1487 potestatem
546 1461 606 1480 non
626 1453 803 1488 operandi?
823 1461 882 1481 ecce
901 1454 1011 1482 abstulit
1027 1463 1134 1482 omnem

264 1554 278 1576 6
293 1553 304 1575 1
320 1553 369 1576 Gor.
385 1555 406 1581 9,
424 1554 450 1576 12
509 1554 522 1576 9
538 1554 549 1576 1
566 1554 614 1577 Cor.
629 1554 650 1580 9,
666 1555 686 1578 4.
703 1555 716 1577 5
778 1555 805 1577 14
819 1554 871 1577 Luc.
888 1555 924 1583 10,
939 1555 952 1577 7
1008 1556 1039 1578 20
1053 1555 1065 1578 1
1080 1555 1134 1579 cor.

190 1590 212 1616 9,
228 1591 248 1613 5.
264 1591 278 1613 6

220 1641 234 1662 2
249 1641 309 1663 iussa
324 1641 352 1663 M
407 1642 420 1664 3
436 1642 513 1664 cedere
528 1642 559 1664 M
572 1642 660 1665 cederet
674 1642 803 1672 PVDNBT
818 1642 931 1666 decideret
945 1643 967 1665 Δ
1027 1644 1042 1666 8
1056 1644 1135 1667 locum

190 1677 276 1707 episole
292 1678 312 1699 Δ
381 1678 475 1707 epistole
490 1679 512 1701 L
564 1679 578 1701 9
592 1679 666 1708 inquit
680 1686 724 1701 uon
739 1679 846 1702 habemus
861 1679 892 1702 ba
943 1680 971 1702 10
985 1680 1134 1703 licentium—

191 1714 297 1736 habemus
312 1721 354 1736 om.
371 1716 392 1736 Δ
459 1716 491 1744 et]
508 1717 547 1737 sut
567 1715 650 1745 VDMY
697 1716 723 1738 12
739 1715 841 1739 dominus
857 1715 920 1739 dedit
934 1715 991 1739 Nbd
1043 1717 1071 1740 13
1088 1718 1135 1748 eit]

190 1750 236 1772 illis
248 1750 276 1772 N
303 1751 330 1773 14
342 1751 369 1773 ab
382 1751 444 1780 ipsis]
461 1752 519 1780 apud
531 1752 582 1774 illos
594 1752 640 1774 DA
652 1752 723 1781 n-pud
734 1753 794 1781 ipsos
807 1753 839 1781 (ip
849 1759 868 1776 ε.
880 1753 904 1782 1.)
915 1753 937 1775 L
971 1754 998 1776 16
1010 1754 1074 1776 cuius
1087 1754 1137 1778 Lo

191 1787 256 1816 talia]
273 1787 317 1809 alia
336 1787 380 1809 VD
426 1788 452 1810 18
468 1789 502 1817 ut]
519 1790 542 1811 et
559 1788 607 1811 00¹
625 1791 650 1811 ut
665 1790 688 1811 et
702 1789 730 1817 L,
747 1796 789 1811 om.
804 1789 836 1811 F¹
896 1790 923 1812 de
934 1797 948 1812 ι
959 1790 1097 1819 ‹so-postolis
1115 1791 1139 1814 V

191 1824 344 1853 quoapoetolis
360 1826 382 1851 (u
399 1831 416 1846 s.
432 1825 457 1851 1.)
475 1825 494 1847 0
557 1826 583 1847 19
598 1825 702 1848 licentiae
717 1826 783 1848 huius
798 1826 829 1849 Μ
888 1827 916 1849 21
932 1827 1028 1856 chaph-s
1047 1827 1067 1850 G
1080 1835 1134 1851 cae-

191 1861 246 1890 phae
261 1861 308 1883 BD
380 1869 404 1884 ee
420 1869 462 1884 om.
477 1870 489 1891 γ
564 1863 592 1884 22
608 1862 795 1892 quod—accipere
810 1870 852 1886 om.
867 1864 978 1893 PVDMY
1052 1865 1137 1889 liceret

193 1897 322 1919 CLOFAB
391 1899 559 1921 conmilitonum
579 1899 611 1928 VT
670 1900 698 1922 23
713 1901 783 1929 more]
799 1901 820 1922 in
837 1908 874 1923 ore
890 1901 917 1923 N
929 1903 954 1923 ut
968 1901 1026 1923 idem
1044 1909 1093 1924 mos
1110 1903 1135 1925 Δ

191 1934 227 1962 an]
244 1934 277 1956 ait
291 1941 319 1956 an
334 1935 355 1956 A
415 1935 476 1957 solus
491 1935 566 1964 inquit
580 1936 624 1958 Lo
682 1937 710 1959 24
725 1939 859 1966 potestatem
875 1944 917 1961 om.
932 1938 956 1967 γῑ
1015 1945 1060 1960 non
1076 1945 1133 1968 ope-

190 1970 263 2000 randi]
280 1971 385 2000 operandi
401 1979 427 1994 ea
442 1972 552 2001 PVDM7
