1355 2653
191 357 245 383 690
491 355 513 377 S.
537 354 649 377 Aureli
672 354 849 384 Augustini

190 444 278 463 suum
300 436 388 463 Isaac
411 435 481 462 filio
505 443 571 466 suo:
595 436 626 462 et
643 435 725 462 siliis
744 435 985 462 concubinarum
1004 442 1129 462 suarum

190 480 275 507 dedit
293 479 442 506 Abraham
468 487 593 506 munera
616 480 647 506 et
669 479 790 506 dimisit
813 487 864 506 eos
887 479 923 506 ab
946 480 1034 506 Isaac
1058 478 1128 506 filio

192 532 253 551 suo.
279 523 302 551 si
327 531 389 559 ergo
415 523 464 550 filii
489 531 582 550 sumus
606 523 703 550 liberae
724 523 899 555 Hierusalem.
925 523 978 550 alia
999 523 1067 550 dona
1088 530 1129 550 ex-

190 568 381 599 heredatorum,
410 567 462 594 alia
490 567 675 602 intellegamus
705 567 838 595 heredum.
868 567 895 594 bi
925 567 995 594 enim
1018 567 1129 595 heredes

192 614 263 644 sunt,
285 612 381 647 quibus
404 611 512 639 dicitur:
535 620 592 638 non
616 611 694 638 enim
714 611 882 646 accepistis
901 612 1049 646 spiritum
1069 619 1128 639 ser·
1152 621 1163 639 ι

193 657 307 683 uitutis
333 656 445 683 iterum
473 655 502 682 in
530 656 683 687 timorem,
711 655 763 682 sed
787 656 956 690 accepistis
980 655 1128 690 spiritum

192 700 370 735 adoptionis
396 699 544 731 filiorum¹
571 700 600 726 in
627 707 685 734 quo
719 700 899 727 clamamus:
925 700 1003 727 abba
1031 701 1129 734 pater.

226 744 361 771 XXVHII.
388 744 432 771 26.
459 743 608 771 clamemus
634 751 695 779 ergo
723 743 817 778 spiritu
843 743 959 771 caritatis
985 745 1020 777 et,
1047 744 1130 771 donec

191 789 326 815 ueniamus
349 788 383 815 ad
405 788 583 819 hereditatem,
607 788 633 814 in
656 795 708 822 qua
726 796 828 823 semper
846 796 1006 820 maneamus,
1027 788 1130 815 liberali

191 840 278 860 amore
300 832 393 865 simus,
415 839 466 859 non
486 832 577 859 seruili
594 832 687 858 timore
706 832 847 867 patientes:
867 832 1017 865 clamemus.
1039 839 1129 867 quam·
1143 843 1162 860 ιο

192 876 236 904 diu
263 884 390 911 pauperes
416 884 518 907 sumus,
545 876 625 903 donec
652 876 698 903 illa
723 876 866 903 hereditate
888 876 1009 903 ditemur.
1035 884 1130 912 magna

192 921 288 955 quippe
306 920 366 947 inde
384 921 492 955 pignora
510 920 668 955 accepimus,
687 920 756 955 quod
775 919 809 947 ad
827 928 873 948 nos
892 920 1012 952 ditandos
1031 928 1129 956 pauper

191 965 278 992 factus
300 966 342 991 est
360 964 488 996 Christus,
511 972 562 999 quo
581 964 608 991 in
628 972 753 999 supernas
771 964 880 991 diuitias
898 964 1010 991 exaltato
1030 964 1127 992 missus

192 1010 241 1041 est,
267 1009 313 1043 qui
338 1010 428 1036 sancta
450 1008 578 1036 desideria
598 1008 694 1036 nostris
717 1008 840 1036 cordibus
861 1008 999 1043 inspiraret
1019 1008 1127 1044 spiritus

192 1054 307 1080 sanctus.
337 1053 429 1079 borum
455 1060 598 1087 pauperum
624 1052 710 1079 adhuc
736 1052 903 1085 credentium,
929 1052 1045 1080 nondum
1071 1060 1128 1080 con-
1141 1062 1159 1079 ιι

191 1097 383 1131 templantium,
412 1096 497 1124 adhuc
523 1097 692 1131 sperantium,
722 1096 835 1123 nondum
861 1097 1014 1129 tenentium,
1044 1096 1129 1124 adbuc

192 1141 321 1168 desiderio
347 1141 542 1175 suspirantium,
565 1140 679 1168 nondum
702 1140 827 1168 felicitate
848 1141 1020 1176 regnantium,
1043 1140 1129 1168 adbuc

191 1185 363 1212 esurientium
389 1187 416 1212 et
441 1185 595 1216 sitientium,
622 1184 736 1212 nondum
760 1185 925 1212 satiatorum:
951 1185 1045 1212 horum
1068 1193 1129 1220 ergo

191 1235 361 1264 pauperum
381 1229 537 1264 patientia
555 1236 612 1256 non
631 1228 747 1263 peribit
765 1228 794 1255 in
814 1230 982 1261 aeternum.
1001 1236 1052 1256 non
1068 1229 1129 1264 quia

191 1274 218 1299 et
239 1273 294 1300 illic
312 1273 438 1308 patientia
456 1273 513 1305 erit,
536 1273 583 1299 ubi
606 1272 674 1307 quod
696 1273 822 1300 toleretur
843 1280 893 1300 non
916 1273 973 1306 erit,
997 1272 1044 1300 sed
1074 1280 1156 1300 non·

191 1317 315 1351 peribit’
333 1316 432 1344 dictum
449 1318 497 1349 est,
517 1317 578 1352 quia
592 1316 755 1344 infructuosa
769 1324 818 1344 non
834 1316 891 1344 erit.
910 1316 1026 1344 fructum
1043 1318 1129 1344 autem

192 1361 299 1388 habebit
317 1363 459 1393 aeternum,
474 1361 532 1388 ideo
548 1368 598 1387 non
613 1361 708 1395 peribit
722 1360 748 1387 in
764 1362 906 1388 aeternum.
926 1361 1047 1395 quisquis
1062 1361 1127 1388 enim

191 1405 293 1432 laborat
309 1405 435 1440 inaniter„
449 1413 508 1432 cum
528 1413 587 1432 eum
608 1412 667 1439 spes
687 1404 816 1436 fefellerit.
834 1406 941 1440 propter
958 1408 1037 1439 quam
1060 1404 1128 1432 labo-

265 1499 279 1521 5
293 1498 357 1521 Rom.
372 1499 393 1525 8.
411 1499 437 1521 15
489 1498 516 1521 19
531 1498 568 1521 Ps.
583 1499 604 1523 9.
622 1498 649 1520 19

223 1564 233 1585 l
255 1564 301 1586 filio
316 1570 356 1586 suo
370 1571 437 1593 ysaac
455 1563 487 1586 W
557 1564 571 1586 2
594 1563 698 1586 habrum
713 1563 740 1585 N
811 1562 904 1591 dimisit]
921 1562 1000 1585 diuisit
1013 1561 1127 1586 DoWb

192 1607 258 1629 ysaac
278 1599 297 1622 V
390 1601 404 1623 3
419 1601 552 1623 iherusalem
566 1600 640 1623 NBV
754 1598 938 1622 exereditstorum
957 1599 979 1621 V
992 1598 1128 1622 exheredita-

194 1644 241 1659 rurn
256 1636 323 1659 ΒΑΝ
416 1638 431 1659 4
448 1637 486 1660 hic
500 1637 522 1659 L
537 1637 569 1659 hii
589 1637 609 1658 V
711 1636 787 1659 eredes
802 1635 828 1659 N
919 1637 934 1658 6
956 1636 1037 1658 iterum
1052 1643 1094 1658 om.
1112 1635 1130 1658 0

193 1674 273 1696 timore
288 1674 482 1703 APDOFBNVY
538 1676 591 1703 poet
606 1673 707 1703 spiritum
722 1673 793 1695 uerba
808 1672 1057 1702 seruitutis—spiritum
1070 1679 1129 1701 repe-

194 1711 238 1732 uta
253 1710 328 1733 deleta
341 1713 396 1733 sunt
410 1710 430 1733 S
480 1711 492 1732 7
509 1711 604 1733 filiorum
619 1717 662 1733 om.
678 1709 723 1732 SN
726 1710 750 1735 V,
767 1712 792 1736 (n.
809 1709 823 1733 1.
839 1709 903 1739 aad.)
917 1710 941 1732 Δ.
999 1709 1084 1731 clamne
1097 1709 1129 1732 N¹

194 1747 208 1769 8
223 1754 276 1776 ergo
292 1754 335 1769 om.
350 1747 369 1770 S
411 1747 514 1776 spiritum
530 1747 595 1770 LSN
609 1754 649 1776 per
663 1747 764 1775 spiritum
779 1747 802 1768 A
847 1746 877 1776 et]
893 1745 933 1769 sed
947 1745 1095 1773 SANan.
1107 1745 1131 1768 D

196 1784 222 1806 10
234 1791 309 1806 sumus
321 1783 370 1806 SB'
429 1784 541 1813 patienter
551 1784 592 1806 SA
651 1783 748 1812 quandiu
760 1782 785 1805 F
828 1783 853 1805 11
870 1783 939 1805 simus
949 1782 1000 1805 NV
1043 1783 1070 1805 12
1081 1782 1129 1811 pig-

194 1827 247 1843 nera
258 1820 334 1843 ΔΙῖῚ,1
384 1820 410 1843 18
422 1821 509 1843 exultat
520 1820 613 1843 omissus
622 1820 643 1842 L
693 1821 720 1842 14
731 1814 790 1845 seaffi
803 1819 824 1841 L
868 1820 964 1848 spinret
974 1817 1130 1846 PBFODWT

196 1858 222 1879 16
237 1857 310 1879 adhuc
325 1857 423 1880 nundum
437 1858 561 1880 tenentium
578 1857 598 1879 V
642 1857 668 1879 18
683 1859 832 1879 saturatorum
844 1856 932 1879 SNVB
978 1856 1005 1879 19
1020 1862 1103 1884 pnuper
1113 1854 1132 1877 S

194 1894 223 1916 20
238 1896 261 1916 et
275 1901 293 1916 s.
309 1894 323 1918 Ζ,
339 1894 366 1916 Ν
378 1901 420 1917 om.
436 1895 458 1917 B
532 1894 643 1923 patientis
657 1900 777 1922 pauperum
793 1893 816 1915 B
883 1893 968 1916 toletur
982 1893 1001 1915 S
1015 1892 1097 1919 toleret
1113 1891 1131 1913 0

193 1931 220 1953 21
238 1932 322 1960 autem]
339 1932 397 1953 enim
412 1931 437 1953 D
510 1932 538 1953 22
553 1930 669 1953 habebunt
684 1930 706 1952 P
789 1931 811 1952 in
827 1932 942 1952 aeternum
955 1937 989 1959 pr.
1005 1927 1132 1952 ABNVW

195 1967 303 1996 quisquis]
321 1968 358 1997 qui
373 1967 565 1997 PFBDOWYM
623 1967 691 1995 enim]
708 1968 730 1989 in
747 1968 824 1989 eterni}
843 1966 864 1989 V
907 1967 935 1989 23
950 1966 1040 1988 laborat
1049 1965 1093 1995 fin.
1108 1964 1129 1987 B
