1355 2653
193 362 246 388 222
482 361 504 383 S.
527 362 638 384 Aureli
660 362 838 391 Augustini

191 441 217 467 in
236 441 344 473 Israhel,
363 442 390 467 et
412 440 456 475 qui
475 442 577 475 poterat
599 449 648 468 non
667 442 808 475 promebat.
829 442 876 468 sed
894 443 980 469 tamen
1000 441 1123 472 habebnt:

191 493 221 511 ex
241 493 292 519 quo
311 486 417 512 autem
437 485 531 511 uenit
548 485 724 519 plenitudo
743 485 913 520 temporis,
931 487 963 513 ut
980 485 1123 513 diceretur:

192 529 248 563 qui
282 530 396 563 potest
429 537 552 563 capere,
587 529 706 563 capiat,
737 537 767 557 ex
796 529 842 557 illo
872 537 955 564 usque
981 529 1069 557 adhuc
1099 530 1126 557 et

192 573 313 607 deinceps
330 581 411 607 usque
427 573 452 599 in
468 573 544 599 finem
561 573 605 607 qui
621 573 698 600 habet
714 575 841 607 operatur,
860 574 905 608 qui
919 574 1020 608 opem-i
1035 573 1125 601 nolue-

191 617 234 650 rit.
254 625 302 644 non
322 625 350 644 se
369 617 462 644 habere
480 617 628 644 mentiatur.
648 625 677 644 ac
696 625 741 652 per
759 617 809 644 hoc
828 618 859 644 ab
879 618 927 650 eis,
945 617 991 652 qui
1010 625 1124 645 corrum-
1145 625 1156 642 ι

191 663 257 696 punt
282 661 362 688 bonos
388 668 474 688 mores
501 661 645 695 conloquiis
667 661 753 693 malis,
779 661 847 688 inani
869 663 897 688 et
916 669 984 689 uana
1006 661 1126 690 uersutia

192 706 287 733 dicitur
307 706 406 733 homini
429 706 568 733 christiano
591 706 733 733 continenti
755 707 783 732 et
804 706 908 741 nuptias
926 706 1074 734 recusanti:
1095 706 1124 733 tu

191 758 252 785 ergo
278 749 370 777 melior
395 758 473 784 quarn
498 749 645 777 Abraham?
676 750 744 783 quod
770 750 815 777 ille
840 757 900 777 cum
926 749 1047 782 audierit.
1075 757 1125 778 non

192 794 356 828 perturbetur
378 801 425 820 nec
448 793 542 821 audeat
563 794 659 820 dicere:
681 794 782 827 melior,
801 801 848 821 nec
870 801 886 820 a
903 794 1039 829 proposito
1057 793 1124 821 dela-

190 838 268 865 batur
282 853 318 858 --
332 837 398 865 illud
414 838 482 865 enim
499 845 548 865 non
563 846 625 865 uere
641 838 712 870 dicit,
728 838 778 865 hoc
791 846 841 865 non
855 839 926 865 recte
940 837 1006 865 facit
1023 852 1060 858 -
1080 837 1126 866 sed
1138 846 1157 863 ιο

191 882 271 909 dicat:
292 890 340 917 ego
360 881 464 916 quidem
479 890 528 909 non
545 890 603 909 snm
619 882 710 909 melior
724 890 802 916 qusm
816 881 955 915 Abraham,
969 881 1018 909 sed
1032 881 1128 910 melior

191 927 233 953 est
243 927 350 953 castitas
362 926 474 953 celibum
486 933 562 961 quam
575 926 683 953 castitas
697 926 856 960 nuptiarumz
872 933 981 961 quamn
990 926 1126 955 Abraham

191 977 269 996 unam
287 969 399 997 habebat
416 969 442 996 in
462 977 520 1002 usu,
536 970 625 997 ambas
643 970 668 996 in
685 969 785 997 habitu.
804 971 875 997 caste
890 969 986 1004 quippe
1001 970 1126 1006 coniuga-

170 1027 176 1032 -
190 1013 251 1040 liter
272 1013 348 1044 uixit:
371 1022 429 1041 esse
451 1015 537 1041 autem
562 1015 649 1041 castus
669 1014 724 1041 sine
743 1013 863 1049 coniugio
881 1013 976 1048 potuit,
995 1013 1043 1041 sed
1062 1015 1128 1041 tunc

190 1065 239 1085 non
262 1057 385 1093 oportuit,
411 1065 459 1092 ego
482 1065 544 1084 uero
567 1057 670 1085 facilius
693 1065 743 1084 non
762 1059 822 1085 utor
839 1057 946 1092 nuptiis,
965 1057 1065 1092 quibus
1085 1060 1159 1086 estu

191 1109 255 1129 usus
269 1101 408 1134 Abraham,
423 1109 500 1136 quam
520 1101 558 1129 sic
573 1103 632 1129 utor
646 1102 753 1136 nuptiis,
769 1101 986 1136 quemadmodum
1001 1103 1047 1130 ont
1059 1110 1126 1130 usus

190 1146 332 1175 Abraham:
351 1147 378 1172 et
395 1145 453 1173 ideo
473 1146 564 1172 melior
583 1153 641 1172 sum
659 1145 722 1177 illis,
738 1146 782 1180 qui
801 1154 847 1180 per
865 1146 944 1173 animi
962 1146 1126 1174 incontinen-

189 1190 254 1217 tiam
277 1198 326 1217 non
348 1191 459 1224 possunt
480 1190 548 1224 quod
571 1198 628 1224 ego,
651 1198 700 1217 non
722 1190 785 1220 illis,
804 1190 850 1224 qui
872 1192 975 1224 propter
995 1191 1127 1225 tempori·

190 1233 360 1261 differentiam
378 1242 427 1261 non
447 1234 563 1260 fecerunt
581 1234 650 1268 quod
668 1242 726 1269 ego.
746 1234 815 1269 quod
834 1234 902 1261 enim
916 1242 966 1269 ego
980 1242 1052 1262 nunc
1066 1242 1129 1270 ago,

191 1278 285 1304 melius
307 1278 346 1304 illi
370 1278 491 1312 egissent,
511 1278 534 1304 si
552 1279 615 1305 tunc
634 1278 763 1313 agendum
783 1282 864 1311 esset;
888 1278 957 1312 quod
975 1279 1068 1306 autem
1087 1278 1129 1307 illi
1141 1287 1162 1305 ιο

190 1323 306 1357 egerunt,
326 1322 364 1348 sic
382 1330 431 1357 ego
451 1329 500 1349 non
520 1330 631 1357 agerem,
650 1323 677 1349 et
695 1322 718 1349 si
737 1330 805 1349 nunc
823 1322 951 1357 agendum
969 1323 1052 1351 esset.
1081 1324 1130 1350 aut

190 1366 213 1392 si
235 1366 314 1392 talem
337 1373 365 1392 se
387 1365 436 1392 iste
460 1366 539 1392 sentit
561 1368 587 1392 et
609 1366 691 1397 nouit,
714 1368 745 1393 ut
766 1366 841 1393 salua
862 1368 889 1393 et
910 1368 1079 1400 permanente
1101 1367 1129 1394 in

190 1409 280 1436 habitu
303 1409 382 1436 animi
405 1410 446 1436 sui
469 1410 566 1437 uirtute
585 1410 765 1442 continentiae,
785 1410 808 1437 si
826 1410 858 1437 ad
876 1417 954 1437 usum
972 1410 1129 1445 nuptiarum

262 1518 276 1539 2
292 1516 319 1539 cf.
335 1516 382 1539 Gal.
397 1518 419 1545 4,
433 1518 448 1539 4
492 1517 506 1540 3
521 1517 601 1540 Mstth.
618 1517 652 1543 19.
669 1517 695 1540 12
740 1518 754 1540 6
769 1517 797 1540 ef.
811 1517 823 1540 1
839 1517 888 1540 Cor.
905 1517 939 1545 15,
955 1517 984 1540 38

220 1576 230 1598 l
248 1576 271 1598 et
285 1576 311 1597 s'n
325 1581 366 1603 my.
382 1575 408 1597 K
464 1575 549 1604 tamen]
564 1577 617 1598 tnnc
633 1575 723 1598 MEXn
738 1575 774 1599 dii
786 1575 812 1598 N
854 1576 868 1598 2
883 1575 1000 1605 plenitudo
1016 1578 1128 1607 temporis

189 1612 253 1634 uenit
266 1612 291 1635 D
348 1612 362 1635 3
377 1612 457 1641 adhuc]
471 1612 514 1634 hue
529 1612 576 1635 AD
633 1613 647 1635 4
663 1619 753 1641 operare
768 1612 794 1635 K
851 1613 865 1635 5
879 1612 922 1635 hnc
936 1611 964 1635 K
1023 1614 1039 1636 8
1052 1619 1129 1637 mores

189 1649 259 1671 bonos
270 1648 539 1677 PKTHARDMENXn
568 1649 582 1671 8
593 1648 714 1671 habraham
723 1648 771 1671 ΗΒ
799 1649 813 1671 9
824 1649 903 1671 melior
913 1655 963 1671 sum
969 1648 1129 1673 melmun

189 1692 229 1711 nec
243 1685 266 1707 Β
310 1684 421 1707 dilabstur
435 1684 668 1708 KDMENxaAEffl
682 1684 798 1708 delebatur
812 1685 848 1708 Ηι
881 1685 909 1708 10
923 1692 966 1708 non
983 1685 1028 1709 alt.
1043 1693 1089 1711 on.
1103 1685 1131 1709 N

189 1721 243 1744 tecit
257 1722 279 1744 Β
332 1722 356 1744 11
374 1721 429 1744 dicit
443 1721 489 1744 FD
577 1722 665 1744 abraam
682 1721 709 1744 0¹
760 1722 788 1744 12
802 1722 907 1748 celibinm
922 1722 943 1750 (i,
955 1729 1004 1751 ap.
1020 1730 1049 1746 m.
1066 1725 1094 1752 2)
1110 1724 1130 1746 G

189 1758 277 1780 abraam
291 1758 311 1780 0
347 1759 373 1781 13
388 1765 455 1781 unum
465 1758 489 1780 Β
530 1759 556 1781 14
568 1761 629 1781 cute
641 1758 825 1789 RHAFRDB'
839 1759 931 1781 cutim
942 1759 974 1782 ,Βι
1020 1760 1048 1784 15
1063 1760 1128 1790 noro]

189 1796 263 1817 autem
278 1795 303 1818 X
317 1801 358 1817 om.
373 1803 386 1824 τ
444 1802 497 1817 usus
513 1798 548 1817 est
561 1795 588 1817 N
631 1796 657 1818 16
673 1796 762 1818 abraam
779 1795 798 1818 G
855 1795 1068 1825 quam-Abram
1082 1804 1126 1820 on.

188 1832 279 1854 MEXa
322 1838 366 1860 qus
380 1834 426 1854 tam
442 1832 521 1861 topan?
535 1833 587 1854 utar
600 1833 626 1854 ut
641 1832 724 1854 abrahe
738 1832 765 1855 N
806 1834 857 1855 utar
870 1832 925 1855 ΒΜ
981 1839 1038 1856 unu·
1053 1833 1128 1857 eotD

191 1869 217 1891 17
233 1869 322 1891 abraam
340 1868 359 1891 0
415 1875 458 1890 non
474 1875 522 1890 sum
538 1869 642 1891 abraham
658 1868 697 1891 sed
711 1869 789 1891 melior
803 1875 851 1891 sum
867 1869 913 1892 iuis
926 1875 984 1898 0091·
1000 1869 1028 1892 N
1073 1877 1127 1894 con-

189 1904 305 1927 tinentiam
316 1905 341 1927 D
385 1905 412 1927 19
427 1905 570 1927 difflrentiam
580 1905 608 1927 K
664 1912 706 1934 ugo
722 1905 745 1935 (a
759 1912 831 1934 cupra
846 1907 867 1933 e)
879 1905 929 1929 ΡΠ
969 1905 1000 1929 20
1016 1907 1128 1934 0⁸·th

189 1942 215 1964 21
233 1942 335 1970 egerunt]
351 1943 432 1970 gerunt
446 1941 473 1964 K
530 1942 576 1971 aut]
592 1944 615 1964 ct
630 1942 770 1965 KMENXa
818 1942 846 1964 22
862 1949 886 1965 ιο
900 1944 954 1965 ante
967 1942 1040 1966 mem
1055 1944 1084 1967 e'n
1097 1944 1128 1968 A.

188 1984 232 2002 om.
247 1978 271 2000 D
329 1978 371 2000 iete
387 1985 428 2000 om.
444 1978 491 2000 AD
