1355 2653
195 364 250 390 460
485 361 507 384 S.
531 360 645 383 Aureli
667 360 845 389 Augustini

196 450 245 469 non
269 443 367 476 peccat,
392 441 438 468 sed
461 441 527 468 illud
550 440 652 468 fortiter
674 441 701 467 et
723 440 897 473 laudabiliter,
919 439 969 467 hoc
988 439 1091 468 utiliter
1108 441 1135 467 st

195 486 388 521 inculpabiliter
406 485 478 512 facit.
498 492 563 519 quas
583 486 669 511 antem
689 485 837 511 sanctitatis
855 484 1040 520 religionisque
1055 491 1135 511 causa

195 530 341 562 seruantur,
361 537 420 556 cum
439 529 502 556 haec
521 528 619 555 uiolare
637 528 756 555 iniuriosi
770 528 909 560 noluerint,
925 528 1002 555 etiam
1018 529 1134 563 peccatis

196 574 348 607 minoribus,
371 581 420 600 non
439 574 525 600 tamen
545 573 647 600 iniuriis
666 573 785 605 aliorum,
804 573 827 599 si
846 572 963 600 condicio
981 573 1135 607 proponitur

196 620 223 644 et
244 617 357 644 facultas
381 617 464 649 datur,
484 617 633 644 redimenda
652 618 721 644 sunt.
752 619 779 644 et
796 619 859 644 tunc
877 617 930 644 iam
948 617 995 644 illa
1012 616 1135 644 desinunt

194 669 252 688 esse
271 662 385 696 peccata,
402 669 468 696 quae
484 662 588 696 propter
602 661 721 697 grauiora
735 661 843 688 uitanda
857 661 1045 695 suscipiuntur.
1064 661 1135 688 siout

194 706 261 732 enim
277 706 304 732 in
319 706 397 733 rebus
412 705 530 737 utilibus,
543 705 618 732 uelut
632 705 657 732 in
669 705 780 739 pecunia
794 705 879 732 alioue
894 705 981 743 aliquo
997 705 1134 732 commodo

194 749 330 784 corporali,
352 757 402 776 non
426 750 536 776 uocatur
557 749 689 782 damnum,
712 749 782 783 quod
804 750 910 784 propter
927 749 1012 777 maius
1030 749 1133 777 lucrum

195 794 333 825 amittitur,
353 794 391 821 sic
410 794 437 821 et
454 794 480 820 in
499 794 576 820 rebus
592 794 689 820 sanctis
705 801 755 820 non
769 794 881 821 uocatur
894 795 1039 828 peccatum,
1054 793 1134 828 quod,

194 845 225 865 ne
252 837 359 872 grauius
386 837 547 869 admittatur.
570 837 725 865 admittitur.
760 839 807 864 aut
828 837 851 865 si
873 838 901 864 ct
920 837 988 864 illud
1010 837 1134 864 damnum

195 881 297 914 dicitur,
324 881 394 916 quod
420 881 516 916 aliquis
542 881 636 915 perdit,
661 888 693 908 ne
716 881 830 915 amplius
852 881 951 915 perdat.
974 883 1085 909 uocetur
1107 883 1134 909 et

193 926 243 953 hoc
271 927 417 960 peccatum,
448 925 509 953 dum
536 927 623 952 tamen
650 925 845 959 suscipiendum
872 933 938 958 csse.
964 927 995 952 ut
1020 925 1134 960 mplius

193 970 315 1002 euitetur,
330 970 369 997 ita
386 978 462 997 nemo
481 969 592 1002 dubitet,
608 969 678 997 sicut
696 977 770 997 nemo
786 969 889 996 dubitat
904 969 1013 997 cauendi
1027 970 1138 997 maioris*

193 1014 281 1041 damni
299 1022 379 1042 causa
397 1013 548 1049 patiendum
567 1022 626 1041 essa
645 1013 715 1048 quod
734 1013 820 1041 minus
839 1014 888 1041 est.

229 1057 338 1085 XVIIII.
353 1058 397 1085 40.
413 1057 468 1084 Ista
483 1058 545 1084 sunt
560 1058 655 1090 autem.
671 1065 738 1092 quse
753 1057 898 1085 sanctitatis
914 1065 993 1085 causa
1007 1058 1135 1085 seruanda

193 1103 265 1128 sunt:
285 1101 412 1136 pudicitia
430 1101 544 1136 corporis
561 1102 587 1128 et
601 1100 709 1128 castitas
724 1101 824 1128 animae
840 1103 866 1128 et
879 1101 977 1129 ueritas
992 1101 1132 1129 doctrinas.

192 1145 347 1179 pudicitiam
377 1145 492 1180 corporis
518 1149 567 1172 non
595 1145 771 1172 consentiente
799 1152 828 1172 ac
854 1145 1022 1180 permittente
1047 1145 1134 1173 anima

193 1197 267 1216 nemo
289 1189 380 1217 uiolat.
411 1188 538 1223 quidquid
557 1188 625 1215 enim
644 1188 719 1216 nobis
738 1188 829 1216 inuitis
849 1189 1000 1224 nullamque
1016 1189 1132 1217 tribuen-

191 1233 263 1260 tibus
285 1234 442 1267 potestatem
464 1232 560 1260 maiore
582 1233 610 1259 ui
630 1233 757 1268 contingit
774 1233 801 1260 in
819 1234 908 1261 nostro
927 1240 1042 1268 corpore,
1060 1233 1132 1261 nulla

191 1276 345 1312 inpudicitia
363 1278 412 1304 cst.
439 1276 486 1304 scd
504 1276 671 1311 permittendi
689 1277 778 1311 potest
796 1285 854 1304 esse
872 1277 961 1312 aliqua
977 1277 1054 1310 ratio,
1073 1285 1132 1305 con-

192 1320 319 1348 sentiendi
338 1323 426 1348 nutem
445 1320 524 1347 nulla.
551 1322 614 1347 tunc
633 1321 703 1348 enim
722 1321 908 1354 consentimus,
927 1329 988 1348 cum
1006 1321 1131 1356 adproba-

192 1372 251 1392 mus
271 1366 297 1392 et
314 1365 450 1397 uolumus;
470 1365 645 1400 permittimus
665 1366 753 1392 autem
772 1365 850 1392 etism
869 1373 920 1393 non
937 1365 1057 1393 uolentes
1077 1366 1130 1393 eui-

191 1409 284 1436 tandas
302 1409 413 1439 alicuius
432 1409 537 1436 maioris
555 1409 725 1444 turpitudinis
744 1409 836 1445 gratia.
862 1409 998 1437 consensio
1017 1417 1079 1437 sane
1098 1409 1130 1437 sd

191 1453 371 1488 inpudicitiam
390 1453 549 1488 corporalem
569 1453 647 1481 etiam
666 1453 816 1480 castitatem
835 1453 914 1480 animi
932 1453 1024 1481 uiolat.
1052 1453 1131 1481 animi

191 1497 286 1532 quippe
313 1497 421 1524 castitas
447 1499 488 1524 ost
501 1497 539 1532 ,in
566 1498 634 1525 bona
654 1497 790 1525 uoluntate
813 1499 840 1524 et
862 1497 962 1525 sincera
983 1497 1131 1530 dilectione,

191 1549 257 1575 quae
282 1549 333 1569 non
360 1541 542 1576 corrumpitur,
567 1541 619 1568 nisi
645 1549 705 1568 cum
731 1549 850 1569 amamus
872 1543 950 1577 atque
972 1541 1130 1576 adpetimus.

191 1585 261 1619 quod
291 1585 428 1613 amandum
456 1587 534 1620 atque
560 1585 734 1620 adpetendum
760 1593 811 1613 non
837 1594 895 1613 esse
921 1586 1019 1613 ueritas
1046 1585 1131 1613 docet.

191 1629 361 1656 custodienda
382 1631 424 1656 est
445 1637 506 1664 ergo
530 1629 665 1656 sinceritas
688 1629 834 1657 dilectionis
857 1629 898 1657 dei
922 1632 949 1657 et
967 1629 1076 1665 proximi
1095 1645 1131 1649 —

189 1673 216 1700 in
236 1673 284 1700 hac
303 1674 369 1700 enim
390 1674 497 1700 castitas
513 1674 591 1700 animi
606 1673 783 1701 sanctificatur
797 1689 832 1693 —
848 1674 875 1701 st
889 1674 1018 1709 agendum
1034 1674 1131 1709 quibus

189 1724 331 1751 possumus
354 1717 454 1745 uiribus
477 1719 503 1744 et
525 1717 569 1752 pia
590 1717 788 1752 supplicatione,
811 1719 842 1744 ut
864 1725 924 1745 cum
946 1717 1069 1745 uiolanda
1086 1717 1130 1745 ad-

220 1790 230 1811 l
248 1789 487 1819 hoc—inculpnbiliter
501 1797 543 1812 om.
560 1797 574 1819 φ
619 1790 633 1812 2
649 1789 719 1812 facist
733 1789 753 1813 S
795 1790 809 1813 6
824 1790 951 1820 suscipiunt
964 1789 1030 1820 ΜΒγ
1076 1790 1089 1812 7
1106 1791 1130 1813 in

190 1826 231 1848 alt.
244 1832 286 1848 om.
298 1825 341 1849 SF
381 1826 509 1855 pecuniario
517 1827 543 1849 E
585 1827 660 1856 aliquo
671 1827 697 1849 E
738 1827 752 1849 9
768 1827 903 1849 ammittitur
912 1826 932 1850 S
974 1826 1035 1856 quod
1046 1826 1128 1850 admit-

189 1863 246 1886 titur
256 1869 284 1885 ns
296 1862 386 1892 grauius
399 1862 530 1886 admittatur
538 1862 591 1892 ΒΓΕ
628 1863 656 1886 10
667 1864 803 1894 amittitur7
841 1864 868 1887 18
880 1863 966 1886 nitetur
973 1863 1016 1887 sF
1058 1864 1129 1887 maio-

189 1900 271 1928 ris—p.
289 1901 344 1926 463,
359 1900 389 1922 19
403 1900 442 1922 nul
457 1906 500 1922 om.
515 1900 542 1922 E
573 1901 600 1923 16
615 1900 869 1929 pudicitia-doctrinae
884 1901 910 1922 n'n
924 1908 967 1930 mq.
977 1909 991 1930 γ
1025 1900 1053 1924 18
1065 1901 1128 1930 quic-

190 1936 243 1965 quid
258 1935 310 1958 MR
353 1936 382 1958 2⁷
397 1943 441 1959 non
457 1935 575 1959 mendum
592 1938 644 1964 (uon
659 1943 676 1959 s.
694 1937 708 1959 1.
724 1944 752 1961 m.
768 1938 793 1965 2)
810 1937 835 1959 F
889 1944 934 1959 non
948 1944 966 1960 s.
983 1937 999 1960 1.
1014 1937 1033 1961 Β
1047 1944 1089 1960 om.
1105 1937 1132 1960 F

188 1973 218 1995 28
233 1973 349 1995 sinceriter
362 1973 444 2002 Μβγφῡ
488 1973 517 1996 30
532 1973 636 1996 uiolando
650 1973 750 2003 ΒΜγῑβφ
765 1973 893 1997 uiolandum
906 1973 929 2003 γι

1149 847 1171 864 10

1149 1067 1170 1084 1³
