1355 2653
199 358 252 385 572
488 357 509 378 S.
533 356 645 378 Aureli
668 356 846 384 Augustini

198 438 274 465 malis
294 437 397 464 feminis
417 437 528 467 dicebat,
548 436 618 471 quod
637 444 683 463 nos
704 437 782 463 etiam
802 437 828 463 in
848 437 924 464 malis
940 437 1004 464 uiris
1020 437 1142 464 dolemus

197 482 225 508 et
243 481 399 516 plangimus,
419 480 463 514 qui
483 480 609 507 aduersus
625 488 684 506 eum
700 480 797 514 ipsum.
816 480 843 507 in
859 480 934 507 cuius
950 480 1073 516 epistulis
1087 481 1142 508 ista

196 525 319 560 legimus,
340 525 418 552 otiosi
438 526 465 551 et
484 524 588 551 uerbosi
607 532 673 558 quae
692 532 742 551 non
762 525 866 559 oportet
879 524 1031 559 loquuntur.
1052 526 1142 559 etqui

198 570 260 595 sunt
277 568 346 595 inter
364 576 416 600 eos,
438 568 481 602 qui
497 576 527 595 eo
543 568 676 602 proposito
692 568 724 594 ad
740 570 858 595 sanctam
874 568 995 595 militiam
1011 568 1141 602 uenerint.

197 614 228 639 ut
246 613 366 647 placeant
384 612 426 639 cui
443 620 470 638 se
486 612 635 646 probarunt,
655 620 715 638 cum
730 612 768 638 ita
782 612 890 647 uigeant
904 612 1006 639 uiribus
1022 613 1141 646 corporis
1167 623 1178 639 ι

197 657 224 682 et
249 656 399 691 integritate
425 656 593 688 ualetudinis,
620 658 650 682 ut
676 664 725 682 non
752 656 838 682 solum
862 656 966 687 erudiri.
993 656 1039 683 sed
1059 657 1140 684 etiam

197 700 298 734 operari
317 700 460 727 secundum
485 700 635 734 apostolum
658 700 768 735 possint„
796 701 895 735 excepti
914 700 1025 727 istorum
1046 701 1141 728 otiosis

198 744 377 779 corruptisque
389 744 560 776 sermonibus,
576 752 641 778 quos
653 744 768 771 iudicare
779 752 826 779 per
835 744 975 778 inperitum
987 741 1139 772 tirocinium

197 795 246 814 non
265 788 378 820 ualeant,
399 788 426 814 in
445 787 552 814 eandem
571 787 657 814 labem
676 788 800 823 pestifera
819 788 972 823 contagione
993 790 1139 820 mutantur.

196 839 246 859 non
280 832 366 859 solum
399 840 449 859 non
483 832 615 859 imitantes
650 831 839 858 oboedientiam
870 833 1019 858 sanctorum
1050 833 1139 867 quiete
1154 842 1173 859 ιο

196 876 357 911 operantium
374 878 400 903 et
415 876 524 903 aliorum
540 876 755 903 monasteriorum
771 876 796 902 in
813 876 983 903 saluberrima
998 876 1139 911 disciplina

196 920 338 947 secundum
366 920 536 954 apostolicam
562 927 678 946 normam
704 919 860 951 uiuentium,
887 920 934 947 sed
957 920 1036 947 etiam
1056 921 1138 948 insul-

194 965 280 991 tantes
306 964 467 995 melioribus.
497 966 630 998 tamquam
660 964 877 991 eonseruatricem
908 964 1037 999 euangelii
1064 973 1137 1000 prae-

195 1008 311 1035 dicantes
327 1008 467 1043 pigritiam,
483 1009 617 1042 tamquam
633 1008 873 1043 praeuaricatricem
890 1009 1043 1036 accusantes
1059 1009 1137 1036 mise-

194 1052 340 1079 ricordiam.
371 1053 454 1079 multo
485 1052 553 1079 enim
580 1052 773 1079 misericordius
801 1053 922 1087 operatur
947 1060 1010 1087 erga
1035 1053 1136 1080 animas
1151 1063 1171 1080 ιι

194 1096 363 1128 infirmorum,
390 1096 435 1130 qui
460 1096 544 1123 famae
570 1096 651 1123 bonae
677 1104 812 1123 seruorum
839 1096 881 1123 dei
907 1096 1028 1128 consulit.
1055 1105 1135 1131 quam

194 1148 256 1176 erga
282 1148 389 1175 corpora
415 1140 556 1175 egentium,
581 1140 626 1174 qui
644 1148 737 1175 panem
756 1140 931 1167 esurientibus
949 1140 1054 1176 frangit.
1074 1149 1136 1175 qua-

194 1186 300 1219 propter
330 1185 428 1211 utinam
458 1185 512 1216 isti,
547 1185 591 1219 qui
621 1192 714 1211 uacare
744 1185 838 1211 uolunt
866 1184 995 1216 manibus,
1029 1185 1135 1212 omnino

194 1230 318 1256 uacarent
344 1230 371 1255 et
388 1229 498 1263 linguis!
526 1236 610 1262 neque
630 1228 698 1254 enim
717 1229 771 1255 tam
791 1228 890 1255 multos
910 1228 943 1255 ad
961 1228 1135 1256 imitationem

194 1273 343 1305 inuitarent,
370 1273 392 1300 si
412 1273 449 1300 eis
469 1280 519 1299 non
539 1274 641 1299 tantum
661 1273 778 1307 exempla
796 1273 878 1308 pigra,
897 1272 944 1299 sed
963 1273 1042 1299 etiam
1061 1275 1135 1300 muta
1148 1283 1194 1300 w

194 1319 373 1352 proponerent.

229 1361 326 1388 XXIII.
354 1362 398 1388 27.
424 1361 500 1388 Nunc
526 1368 587 1387 uero
616 1362 705 1395 contra
731 1361 880 1395 apostolum
899 1361 997 1388 Christi
1023 1361 1135 1388 recitant

193 1406 360 1440 euangelium
379 1405 485 1432 Christi.
512 1405 550 1432 ita
576 1405 644 1431 enim
667 1404 797 1432 mirabilia
815 1406 878 1432 sunt
895 1412 974 1439 opera
991 1405 1134 1441 pigrorum,

193 1451 223 1476 ut
249 1450 363 1484 inpedire
389 1449 473 1476 uelint
499 1448 644 1484 euangelio,
671 1449 740 1483 quod
767 1449 903 1483 apostolus
926 1448 984 1476 ideo
1003 1450 1135 1484 praecepit

266 1551 280 1573 4
295 1550 323 1573 οἱ.
339 1550 361 1573 11
376 1550 432 1573 Tim.
448 1550 469 1577 2,
484 1550 498 1572 4

222 1602 232 1623 1
249 1602 320 1624 malos
335 1601 396 1624 uiros
410 1601 445 1631 Ρ(
474 1602 488 1623 2
504 1601 581 1631 quia-f
611 1602 624 1623 3
637 1601 709 1623 otiose
724 1601 768 1630 (se)
785 1602 809 1623 et
823 1601 916 1633 uerbose
932 1603 977 1629 (ae)
991 1600 1136 1624 ffiBNLoF

192 1641 297 1661 locuntur
311 1638 371 1667 DNT
417 1639 465 1667 qui]
482 1638 501 1660 si
517 1638 555 1667 qui
570 1637 635 1661 Pha
676 1638 690 1661 4
706 1644 743 1661 eos
758 1638 873 1668 proposita
887 1637 910 1660 B
954 1639 967 1660 5
982 1638 1134 1668 probauerunt

192 1675 310 1704 PBH-sod
324 1675 469 1704 probauerint
483 1675 507 1697 D
565 1674 817 1697 uiribus—ualetudinis
833 1681 875 1698 σπι,
889 1682 903 1703 γ
970 1675 984 1697 6
999 1674 1132 1697 ualitudinis

194 1712 315 1734 OABDM
372 1712 527 1741 sed—operari
542 1712 568 1734 in
582 1719 623 1741 my.
639 1719 667 1734 m.
683 1713 699 1734 2
716 1711 735 1734 0
796 1711 836 1734 sed
851 1712 919 1734 etiam
934 1718 976 1734 on.
992 1711 1019 1734 N
1069 1712 1083 1734 '7
1098 1719 1132 1734 se-

192 1749 286 1771 eundum
303 1749 429 1777 apostolum
445 1749 530 1777 ope-rari
546 1748 602 1770 Noa
689 1748 785 1777 possint]
802 1748 873 1771 uelint
887 1748 913 1771 N
996 1749 1096 1778 excepti·
1110 1749 1133 1771 B

192 1785 288 1814 exceptis
300 1785 507 1813 PLOFADMTM
536 1786 550 1807 9
561 1785 638 1807 ualent
648 1785 671 1807 A
716 1785 888 1814 pestiferamque
904 1785 1059 1814 contagionem
1070 1785 1132 1814 Pur

191 1822 323 1851 contagione
338 1821 363 1844 D
408 1823 498 1844 utuntur
515 1821 542 1844 N
582 1822 607 1844 ll
625 1821 771 1851 operantium]
788 1821 938 1844 laborantium
954 1820 983 1844 N
1020 1822 1048 1844 13
1064 1828 1132 1844 euan-

191 1859 482 1888 gelii—praeuaricatricem
498 1865 540 1881 om.
551 1859 575 1881 A
610 1859 637 1881 14
653 1860 676 1881 et
690 1860 805 1887 tamquam
815 1856 901 1887 Pom
937 1859 964 1886 15
979 1860 1101 1887 operantur
1114 1858 1133 1882 0

191 1896 219 1918 16
234 1895 305 1918 bonae
321 1895 393 1918 famae
409 1895 440 1917 bd
484 1895 512 1918 18
527 1895 565 1924 qui
581 1895 684 1917 manibus
699 1902 778 1917 uacare
793 1895 873 1917 uolunt
887 1894 917 1917 M
960 1895 1059 1924 omuino]
1071 1895 1132 1918 omni

189 1932 255 1954 modo
271 1932 351 1961 PDA-,e
396 1932 425 1954 22
440 1931 501 1961 uero]
517 1933 592 1954 autem
608 1931 695 1961 PDMT
754 1932 863 1958 recitante
877 1931 897 1954 G
939 1932 969 1954 24
983 1931 1087 1961 impediri
1103 1932 1133 1955 bd

190 1969 332 1998 euangelium
347 1968 430 1991 AND²
