1355 2653
190 362 243 388 664
495 359 517 382 S.
540 359 652 382 Aureli
674 359 851 388 Augustini

189 441 278 475 aliqua
303 440 504 475 perturbatione,
530 441 668 467 miseretur
694 440 749 467 sine
776 440 863 474 aliquo
891 440 988 472 dolore,
1015 439 1130 474 paenitet

190 493 250 512 eum
272 485 327 512 sine
350 485 462 512 alicuius
478 492 544 512 suae
563 484 700 519 prauitatis
719 484 889 511 correctione:
912 484 949 511 ita
968 485 1010 511 est
1027 484 1129 518 patiens

191 529 246 556 sine
262 529 316 556 ulla
330 529 459 564 passione.
479 537 547 556 nunc
563 529 650 563 itaque
665 528 779 556 humana
793 529 928 564 patientia,
944 535 1021 562 quam
1039 535 1130 562 capere

190 580 331 607 possumus
354 575 381 599 et
403 573 497 600 habere
520 573 655 603 debemus,
678 572 850 600 cuiusmodi
873 572 916 605 sit.
940 573 1067 607 quantum
1086 571 1130 599 do·

190 617 276 644 minus
295 617 388 644 tribuit
407 618 434 643 et
448 618 572 651 quantum
588 617 688 651 patitur
702 616 818 644 breuitas
834 616 977 651 praesentis
993 616 1130 647 sermonis,
1154 625 1165 641 ι

191 661 333 696 expediam.

227 705 261 732 11.
282 706 307 733 2.
330 705 459 732 Patientia
477 705 599 737 hominis,
617 713 683 739 quae
702 706 773 732 recta
792 706 834 732 est
852 706 929 739 atque
948 704 1088 732 laudabilis
1108 705 1134 731 et

190 749 319 777 uocabulo
339 749 418 785 digna
436 749 553 781 uirtutis,
574 757 604 776 ea
618 748 777 784 perhibetur,
798 757 849 783 qua
864 756 946 783 aequo
963 749 1049 776 animo
1064 748 1134 775 maia

190 794 341 826 toleramus,
371 801 402 821 ne
428 794 514 821 animo
541 794 630 828 iniquo
657 794 725 821 bona
751 794 910 826 deseramus,
936 801 982 829 per
1008 801 1074 828 quae
1101 793 1133 820 ad

191 838 297 864 meliora
319 838 509 872 perueniamus.
534 839 691 873 quapropter
712 837 877 872 inpatientes,
901 837 964 864 dum
986 837 1056 864 mala
1077 838 1132 873 pati
1147 845 1165 862 ιο

192 881 291 914 nolunt,
314 889 363 908 non
387 881 512 914 efficiunt,
535 883 566 909 ut
588 890 603 908 a
621 882 698 909 malis
721 883 851 914 eruantur,
874 881 921 909 sed
940 883 970 908 ut
987 882 1058 909 mala
1075 889 1132 917 gra-

191 925 266 952 uiora
286 925 426 960 patiantur.
449 926 578 961 patientes
601 928 698 958 autem,
721 926 766 960 qui
785 926 855 953 mala
873 926 975 953 malunt
993 933 1044 953 non
1063 933 1131 953 com-

191 969 317 996 mittendo
340 970 406 997 ferre
429 978 506 1005 quam
529 978 579 997 non
601 970 706 997 ferendo
729 970 901 1003 committere,
925 971 952 997 et
972 970 1073 997 leuiora
1095 970 1132 996 fa·

192 1013 273 1046 ciunt,
293 1022 358 1048 quae
378 1022 423 1049 per
440 1015 592 1049 patientiam
611 1014 755 1049 patiuntur,
778 1016 805 1041 et
823 1014 911 1049 peiora
929 1014 1054 1047 euadunt,
1077 1013 1132 1048 qui-

192 1057 242 1084 bus
276 1066 322 1092 per
351 1058 531 1093 inpatientiam
561 1060 745 1094 mergerentur.
784 1059 851 1086 bona
879 1066 942 1086 uero
972 1060 1077 1086 aeterna
1107 1060 1133 1085 et
1146 1065 1163 1082 ιε

191 1110 286 1137 magna
304 1110 354 1129 non
373 1102 492 1137 perdunt,
508 1103 570 1130 dum
589 1103 665 1131 malis
684 1103 871 1139 temporalibus
889 1103 1066 1137 breulbusque
1080 1110 1130 1130 non

193 1146 295 1177 cedunt,
313 1147 466 1181 quoniam
482 1155 541 1174 non
555 1149 632 1174 sunt
644 1147 828 1183 condignae
840 1147 1018 1182 passiones
1030 1147 1131 1174 huius

194 1191 364 1225 temporis,
391 1191 461 1218 sicut
486 1191 622 1226 apostolus
650 1191 722 1224 dicit,
749 1192 786 1218 ad
811 1192 958 1219 futuram
980 1191 1131 1227 gloriam,

194 1243 276 1270 quae
301 1235 512 1263 reuelabitur
535 1236 566 1262 in
593 1236 697 1269 nobis,
724 1238 751 1264 et
775 1237 871 1264 iterum
896 1235 945 1263 ait:
971 1235 1057 1270 quod
1081 1235 1132 1262 est

194 1280 380 1314 temporale
406 1280 480 1307 leue
506 1280 748 1308 tribulationis
771 1281 913 1312 nostrae,
937 1280 968 1306 in
992 1278 1164 1306 incredi-no

193 1323 294 1350 bilem
317 1323 446 1351 modum
473 1325 643 1351 aeternum
667 1324 795 1360 gloriae
822 1323 950 1359 pondus
975 1325 1134 1358 operatur

194 1368 225 1395 in
245 1368 351 1395 nobis.

269 1466 295 1488 17
312 1466 374 1489 Rom.
389 1466 411 1493 8,
428 1466 455 1489 18
501 1466 528 1488 19
542 1466 565 1488 Ῑῐ
580 1466 629 1490 Cor.
646 1467 667 1492 4,
684 1466 711 1488 17

224 1538 235 1560 1
252 1538 371 1560 miseratur
385 1538 408 1560 Β
473 1538 576 1567 poenitet
590 1538 610 1560 S
623 1538 710 1567 penitet
724 1537 818 1560 KFNO
876 1538 891 1560 2
905 1538 968 1560 cuius
986 1537 1019 1560 W
1081 1544 1134 1560 suae

195 1581 237 1597 om.
257 1574 279 1596 V
335 1575 424 1603 patiens
439 1581 481 1597 om.
497 1574 529 1597 W
571 1575 584 1597 3
600 1581 657 1603 quae
668 1574 696 1596 K
753 1581 870 1603 possumus
885 1581 963 1603 capere
974 1582 986 1603 γ
1030 1575 1045 1597 4
1061 1574 1134 1596 cuius-

194 1611 266 1633 modi·
281 1613 301 1638 (s
316 1614 356 1639 er.)
372 1611 398 1634 K
470 1613 484 1635 5
499 1612 608 1641 presentis
623 1612 731 1634 sermonis
745 1611 844 1633 breuitas
858 1611 884 1634 D
967 1611 1077 1639 presentis
1091 1609 1136 1633 ΚΕ

195 1648 209 1670 8
225 1654 281 1677 quae
296 1648 323 1671 K
337 1655 403 1678 quam
419 1648 441 1671 R
516 1655 572 1678 equo
588 1650 610 1677 (ς
622 1650 704 1676 postea
720 1648 784 1676 add.)
799 1647 827 1670 K
899 1647 958 1670 mala
973 1654 1045 1676 aequo
1060 1647 1133 1669 animo

196 1684 353 1715 F'PBDOWT
412 1685 470 1708 mala
484 1692 527 1708 om.
542 1684 590 1708 KR
638 1685 652 1707 9
667 1684 816 1707 des-oeramus
831 1684 853 1707 L
911 1684 1135 1714 per-pemeniamun

195 1728 237 1744 om.
253 1721 280 1744 K
338 1722 410 1751 quaed
425 1722 447 1745 R
494 1722 520 1744 10
535 1722 650 1747 ueniamus
665 1721 687 1744 L
746 1722 794 1750 pati
809 1721 867 1744 mala
881 1720 936 1743 OW
979 1721 1003 1743 11
1021 1727 1035 1742 a
1049 1727 1091 1742 om.
1107 1719 1138 1741 W

196 1760 312 1781 seruentur
327 1761 349 1781 Δ
408 1758 567 1781 sed—ferendo
583 1765 625 1781 om.
640 1757 675 1780 Ν1
689 1756 918 1781 sed—committendo
934 1763 976 1779 om.
995 1757 1017 1778 V
1060 1757 1087 1779 13
1102 1756 1134 1778 fe-

196 1795 274 1825 rendo]
291 1796 347 1818 sen-e
362 1796 414 1818 nolo
433 1795 454 1817 V
540 1796 624 1818 fatiunt
638 1795 665 1817 K
739 1795 766 1817 14
784 1795 859 1824 peiore
873 1794 897 1817 R
985 1793 1098 1816 aeuadunt
1111 1792 1135 1815 N

197 1839 254 1862 quae
271 1833 291 1856 0
364 1833 391 1856 15
414 1835 550 1855 mererentur
571 1832 590 1855 O
664 1832 691 1855 16
713 1831 876 1860 breuibusquae
895 1830 930 1854 Κί
951 1830 1094 1859 breuiterque
1116 1829 1137 1851 1⁷

199 1870 225 1892 17
242 1869 351 1899 condigne
366 1869 432 1892 LFo
504 1869 614 1899 passionis
629 1868 656 1891 K
729 1868 756 1891 18
771 1869 830 1891 sicut
845 1868 960 1897 apostolus
976 1867 1031 1890 dicit
1045 1873 1088 1889 om.
1107 1865 1135 1888 W

197 1906 254 1929 dicit
268 1906 381 1935 apostolus
397 1906 421 1928 D
488 1907 515 1929 19
531 1908 554 1928 et
569 1907 648 1928 iterum
664 1906 697 1928 ait
712 1913 754 1928 om.
770 1904 884 1933 FDOWT
949 1905 978 1927 20
993 1906 1017 1926 et
1032 1906 1058 1931 (s.
1075 1903 1089 1926 1.
1104 1903 1136 1930 L)

197 1943 247 1966 leue
262 1943 315 1965 Lba
371 1943 394 1965 in
410 1950 453 1966 om.
468 1943 560 1966 LAFD
608 1943 634 1964 21
652 1944 755 1964 aeternae
772 1940 1024 1969 RSFNOVWKADf
1069 1940 1097 1963 2¹2
1112 1940 1133 1961 in

198 1988 240 2003 om.
256 1980 475 2010 KRSAFPBWffl
