1355 2653
233 363 289 391 420
530 360 552 382 S.
577 359 692 382 Aureli
715 359 893 388 Augustini

235 441 409 476 respondisse,
430 440 500 475 quod
518 440 574 475 ipse
594 442 665 467 esset
680 440 749 466 Esau
765 439 848 466 msior
862 439 934 466 filius
949 439 1018 470 eius;
1037 439 1187 475 Aegyptias

236 493 339 521 quoque
359 484 524 517 obstetrices,
543 492 575 511 ne
593 484 705 511 infantes
721 483 835 511 Hebraei
852 484 990 511 nascentes
1008 483 1186 512 interficeren-

235 532 286 563 tur,
310 530 389 556 etiam
412 529 460 555 deo
480 528 638 563 adprobante
656 529 686 555 et
703 528 883 555 remunerante
906 527 1029 554 mentitus
1051 529 1079 555 et
1097 528 1187 555 multu

235 574 292 601 eius
314 573 386 600 modi
409 573 527 608 exemplu
548 572 675 607 eligentes
695 580 785 599 eorum
804 571 940 599 hominum
958 571 1094 599 mendacia
1111 579 1185 599 eom-

236 619 388 650 memorant,
416 624 482 651 quos
509 616 614 651 culpare
640 624 691 643 non
718 615 815 643 sudeus
841 617 921 650 atque
947 616 984 643 ita
1005 615 1112 643 fatentis
1134 616 1186 643 ali·

236 661 339 696 qnando
359 669 416 688 esse
435 668 514 695 posse
533 668 584 687 non
603 660 690 687 solum
710 660 908 694 reprehensione
928 668 978 687 non
997 660 1115 695 dignum.
1134 659 1185 687 sed

235 706 313 732 etium
333 705 441 740 dignum
459 704 537 731 laude
555 704 729 732 menducium.
749 703 849 732 addunt
867 704 956 738 etiam,
975 712 1027 739 quo
1043 712 1094 731 non
1109 704 1185 732 solos

235 751 355 784 premant
383 748 480 776 diuinis
510 748 585 776 libris
615 748 727 780 deditos,
757 748 804 775 sed
835 748 914 775 etiam
945 756 1035 775 omnes
1061 748 1185 775 homines

236 801 395 828 sensumque
419 801 582 820 communem
602 792 732 820 dicentes:
754 792 778 819 si
797 792 857 827 quis
876 792 910 819 ad
927 794 955 819 te
973 792 1117 828 confugiat,
1136 792 1187 827 qui

235 837 371 865 mendacio
393 838 440 864 tuo
462 837 549 871 possit
567 844 582 863 n
600 838 683 863 morte
702 836 815 868 liberari,
833 844 884 863 non
903 844 932 863 es
950 836 1128 863 mentiturus?
1160 836 1187 863 si

236 881 335 917 aliquid
361 883 484 916 aegrotus
511 881 661 915 interroget,
689 880 760 915 quod
786 880 810 907 ei
837 880 904 908 scire
926 888 976 908 non
999 879 1112 915 expedit,
1136 880 1186 915 qui

236 925 315 952 etiam
334 924 421 960 possit
438 927 464 952 te
484 933 534 952 non
553 924 727 959 respondente
743 924 850 960 grunius
865 924 963 960 adfligi,
979 924 1122 951 audebisne
1135 926 1188 951 aut

235 977 329 996 nerum
355 969 439 996 dicere
465 969 492 996 in
518 969 658 1003 perniciem
686 969 799 996 hominis
823 970 869 996 sut
890 969 968 996 silere
990 968 1080 1003 potius
1102 976 1187 1003 quam

235 1014 346 1041 honesto
366 1014 393 1040 et
410 1012 573 1040 misericordi
591 1012 725 1040 mendacio
744 1012 884 1040 ualitudini
904 1012 961 1040 eius
980 1012 1122 1048 opitulari?
1139 1012 1186 1040 his

236 1059 316 1092 etque
337 1057 436 1084 talibus
459 1057 640 1091 copiosissime
663 1065 691 1084 se
714 1057 871 1084 arbitantur
892 1065 994 1092 urgere,
1017 1057 1057 1090 ut,
1079 1057 1103 1084 si
1122 1064 1186 1085 eon-

236 1101 339 1129 sulendi
358 1109 439 1128 cause
457 1100 544 1136 exigit,
564 1100 702 1135 aliquando
722 1101 887 1128 mentiamur.

274 1146 298 1173 6.
319 1144 416 1172 Contra
437 1145 486 1178 illi,
510 1145 606 1180 quibus
624 1145 712 1180 placet
730 1153 872 1180 numquam
892 1145 1078 1179 mentiendum.
1097 1146 1185 1174 multo

236 1190 330 1217 fortius
356 1191 446 1224 egunt,
473 1190 577 1216 utentes
603 1189 687 1223 primo
711 1189 867 1217 auctoritate
889 1189 987 1222 diuina,
1009 1190 1132 1225 quoniam
1155 1190 1185 1218 in

236 1234 294 1269 ipso
321 1233 454 1269 Deculogo
481 1233 607 1267 scriptum
636 1235 688 1260 est:
719 1233 843 1261 falsum
873 1233 1109 1261 testimonium
1143 1241 1185 1261 ne

1201 846 1223 863 10

237 1277 338 1310 dieas,
361 1285 412 1312 quo
436 1284 530 1312 genere
553 1277 738 1311 eomplectitur
760 1285 836 1304 omne
859 1277 1036 1310 mendacium
1060 1277 1184 1312 quisquis
1199 1285 1224 1302 ιο

237 1321 307 1348 enim
329 1320 429 1355 aliquid
451 1320 578 1354 enuntiat,
601 1320 781 1348 testimonium
800 1320 921 1355 perhibet
939 1321 1025 1349 animo
1044 1329 1102 1349 suo.
1135 1321 1185 1349 sed

236 1373 268 1392 ne
291 1365 350 1400 quis
373 1364 514 1392 contendat
534 1372 584 1391 non
604 1372 680 1392 omne
700 1364 865 1392 mendacium
883 1365 980 1392 fulsum
998 1366 1185 1393 testimonium

237 1416 296 1436 esse
315 1408 506 1443 appellandum,
526 1408 590 1442 quid
608 1408 728 1435 dicturus
743 1410 785 1436 est
799 1408 832 1436 sd
846 1408 882 1440 id,
899 1408 969 1444 quod
984 1409 1113 1445 seriptum
1128 1411 1183 1437 est:

238 1460 273 1479 os
292 1452 378 1487 quod
397 1452 560 1479 mentitur
580 1452 710 1480 oceidit
729 1453 886 1480 animam?
906 1453 976 1488 quod
991 1460 1024 1481 ne
1038 1454 1099 1489 quis
1114 1454 1184 1481 arbi-

237 1498 322 1523 tretur
350 1496 465 1530 exeeptis
495 1496 628 1530 aliquibus
654 1496 841 1524 mentientibus
872 1505 949 1532 posse
975 1497 1103 1533 intellegi,
1129 1498 1182 1525 alio
1198 1505 1223 1523 a

237 1540 295 1568 loco
314 1541 396 1575 legat:
415 1540 536 1575 perdes
555 1549 675 1573 omneS,
691 1541 747 1575 qui
762 1541 950 1575 loquuntur
963 1541 1183 1569 menducium.

313 1648 324 1669 1
341 1647 369 1669 cf.
385 1647 424 1670 Ex.
443 1648 462 1673 1.
479 1648 514 1670 19.
530 1648 559 1671 20
605 1648 632 1670 19
648 1648 686 1672 Ex.
703 1649 738 1676 20,
756 1649 783 1672 16
827 1649 856 1672 24
872 1649 925 1679 Sep.
939 1650 958 1676 1.
972 1649 997 1672 11
1044 1650 1073 1673 26
1084 1650 1122 1673 Pu.
1133 1652 1155 1677 5.
1168 1652 1182 1673 7

269 1706 279 1728 1
296 1706 399 1735 egyptius
413 1713 427 1735 γ
443 1706 540 1736 egiptins
555 1715 570 1737 φ
615 1707 630 1729 2
644 1707 736 1730 hsebrei
750 1707 800 1730 MS
812 1707 890 1731 hebrei
905 1707 932 1737 βγ
976 1708 990 1731 8
1005 1710 1157 1738 approbantes
1169 1717 1185 1739 γ

238 1742 251 1763 6
267 1742 440 1771 reprehensione
454 1742 485 1765 M
533 1744 546 1766 7
562 1743 628 1766 leude
644 1743 737 1773 dignum
751 1744 776 1766 E
832 1744 1004 1775 eddunt—non]
1019 1745 1185 1768 annunciante·

238 1779 264 1800 ut
278 1785 323 1801 non
339 1778 381 1801 ΒΓ
394 1780 528 1802 mutantis-nt
543 1781 569 1802 nt
583 1787 628 1802 non
643 1780 666 1802 L
717 1781 731 1803 8
746 1782 782 1803 eet
796 1781 827 1804 M
877 1782 905 1804 10
920 1782 953 1811 es]
970 1783 1005 1804 eet
1019 1781 1071 1804 ΜΟ
1115 1782 1143 1805 12
1158 1783 1185 1805 te

237 1822 281 1837 non
296 1815 445 1844 respondente
460 1816 532 1845 possit
546 1816 622 1839 Eeba
665 1818 705 1840 ent
719 1824 768 1846 ap.
782 1818 808 1840 E
820 1825 862 1841 om.
875 1825 889 1846 τ
919 1819 947 1841 14
960 1818 1088 1841 ualetudini
1099 1819 1187 1844 uma

239 1852 266 1874 15
281 1858 376 1881 urguere
390 1852 431 1875 SC
488 1854 516 1876 16
531 1853 668 1877 menti-,ntur
682 1853 708 1877 F
754 1855 792 1877 ‘17
808 1855 853 1877 illis
868 1855 892 1878 R
971 1862 1093 1885 numquam
1108 1864 1153 1880 on.
1170 1857 1185 1886 β

238 1889 270 1911 sic
285 1888 437 1912 mentiendum
452 1889 530 1919 Μθγφ
588 1890 615 1912 19
631 1890 737 1919 decningo
754 1891 779 1921 9¹
837 1898 882 1914 non
898 1892 965 1915 ΒΕΓ
1017 1893 1044 1916 21
1061 1894 1186 1917 ennuntiat

238 1925 315 1954 (prim.
330 1933 345 1947 n
359 1932 377 1948 e.
394 1925 419 1954 1.)
434 1925 454 1949 S
507 1927 535 1949 22
551 1927 681 1957 contendat]
697 1928 805 1951 concedet
819 1928 863 1951 SF'
919 1932 984 1952 omne
1000 1929 1022 1953 R
1078 1931 1107 1953 24
1123 1932 1185 1954 ocei-

238 1961 278 1984 det
292 1961 360 1992 13¹0?
405 1963 434 1985 26
448 1962 553 1985 locuntur
567 1963 685 1994 Mum-15,
