1355 2653
198 359 251 386 670
487 356 509 378 S.
533 354 646 378 Aureli
668 354 846 384 Augu-tini

234 436 316 464 VIIII.
341 436 390 463 Per
408 435 474 462 hanc
492 434 644 469 patientiam
663 433 833 466 sustinemus,
854 433 933 460 etiam
952 441 1012 461 cum
1032 442 1137 470 corpore

197 481 253 508 sani
268 488 368 511 sumus.
385 479 454 514 quod
470 479 537 506 inter
551 478 630 505 huius
647 477 744 505 saeculi
760 477 881 505 seandaia
895 478 1031 506 beatitudo
1050 480 1137 506 nostra

197 525 321 552 differtur.
352 523 420 551 unde
447 523 546 550 dictum
570 523 619 554 est.
646 522 716 557 quod
738 522 816 555 paulo
839 523 898 549 ante
921 523 1135 550 commemoraui:

197 568 331 603 siquod
350 575 412 594 non
431 567 586 594 uidemus
603 573 783 601 speramus,
803 574 860 600 per
874 566 1077 601 patientiam
1092 575 1136 594 ex-

196 615 376 647 pectamus.
400 612 449 639 hac
471 610 597 647 patientia
618 612 725 637 sanctus
745 610 831 637 Dauid
854 610 1026 638 conuiciantis
1046 611 1136 646 obpro-
1158 620 1168 638 ι

195 657 253 684 bria
273 657 397 684 tolerauit
420 657 454 687 et.
482 663 542 683 cum
565 654 642 682 facile
665 656 755 689 posset
776 654 879 687 ulcisci,
903 663 952 682 uon
976 655 1064 683 solum
1087 663 1135 683 non

194 701 266 733 fecit,
297 708 388 727 uerum
418 699 498 727 etiam
529 699 609 726 alium
637 706 683 734 pro
710 706 738 725 se
765 698 896 725 dolentem
923 701 1135 735 commotumque

195 743 348 778 conpescuit
373 745 400 770 et
422 744 579 778 potestatem
604 742 703 777 regiam
725 742 810 777 magis
834 742 954 770 adhibuit
976 743 1134 778 prohibendo

195 796 273 822 quam
299 787 439 815 exercendo
466 787 618 814 uindictam.
646 794 729 821 neque
755 788 818 813 tunc
846 787 901 814 eius
928 795 1024 823 corpus
1048 788 1134 823 aliquo

194 832 284 859 morbo
304 831 468 867 affigebatur
487 833 533 858 aut
551 831 667 863 uulnere.
693 831 739 858 sed
758 831 916 858 humilitatis
934 833 1040 866 tempus
1059 840 1134 868 agno-
1146 840 1163 857 ιο

195 876 316 904 scebatur
331 884 361 903 ac
375 876 507 903 ferebatur
520 876 644 903 uoluntas
659 875 710 907 dei.
729 876 835 910 propter
849 883 927 910 quam
942 876 1132 910 patientissimo

194 921 279 948 animo
304 920 448 947 amaritudo
472 919 645 948 contumeliae
664 919 810 947 bibebatur.
835 919 901 947 hanc
918 920 1074 955 patientiam
1094 920 1132 948 do·

194 965 282 992 minus
301 964 399 995 docuit,
417 964 519 999 quando
539 964 678 991 commotis
694 963 851 991 zizaniorum
866 964 1036 999 permixtione
1051 964 1131 993 semis

195 1011 222 1035 et
247 1008 397 1035 uolentibus
424 1016 454 1035 ea
479 1008 600 1043 colligere
624 1007 688 1035 dixit
706 1007 872 1042 respondisse
890 1009 991 1043 patrem
1010 1008 1131 1036 familias:

195 1052 299 1080 sinite
322 1054 462 1086 utraque
486 1060 638 1080 crescere
661 1060 765 1087 usque
789 1052 826 1079 ad
851 1060 1001 1080 messem.
1033 1054 1131 1087 oportet
1143 1062 1158 1078 u

194 1097 263 1124 enim
292 1097 420 1131 patienter
449 1096 517 1126 ferri.
548 1096 618 1130 quod
646 1096 801 1124 festinanter
825 1104 876 1124 nou
902 1098 1005 1132 oportet
1031 1096 1129 1124 auferri.

193 1141 272 1168 huius
295 1141 322 1168 et
343 1141 399 1176 ipse
422 1140 563 1175 patientiae
586 1140 706 1175 praebuit
725 1142 752 1167 et
769 1140 959 1168 demonstrauit
977 1141 1129 1175 exemplum,

194 1184 297 1219 quando
320 1186 379 1211 ante
402 1184 550 1218 passionem
573 1184 687 1219 corporis
710 1184 752 1211 sui
774 1184 908 1211 diabolum
930 1184 1031 1218 Iudam,
1051 1185 1130 1219 prius-

194 1236 272 1263 quam
295 1228 444 1256 ostenderet
465 1228 625 1260 traditorem,
652 1228 762 1263 pertulit
782 1228 867 1255 furem
897 1230 924 1256 et
949 1230 1010 1256 ante
1037 1229 1129 1264 experi-

193 1274 309 1299 mentum
336 1272 499 1300 uinculorum
528 1274 554 1299 et
580 1272 665 1299 crucis
689 1274 716 1299 et
738 1272 830 1300 mortis
852 1273 930 1300 labiis
953 1273 1010 1300 eius
1033 1273 1154 1300 dolosis-

265 1366 280 1389 4
297 1366 361 1388 Rom.
376 1365 397 1392 8,
413 1366 442 1389 25
515 1366 529 1387 5
548 1365 577 1388 cs.
592 1365 616 1388 11
630 1365 685 1395 Beg.
702 1366 736 1392 16.
752 1366 766 1388 5
781 1372 830 1395 sqq.
905 1366 932 1389 15
955 1366 1036 1389 natth.
1054 1366 1089 1392 13.
1103 1366 1128 1389 80

194 1403 221 1425 18
237 1404 264 1425 cf.
280 1403 328 1425 Iob.
346 1403 380 1429 12,
396 1403 420 1428 5;
438 1403 472 1430 13,
487 1402 516 1425 2⁹
561 1402 590 1425 20
606 1401 633 1425 cf.
649 1402 730 1425 natm.
744 1402 781 1429 26,
795 1403 824 1425 49

224 1463 233 1484 1
251 1461 386 1484 sustinemus
402 1468 444 1484 on.
465 1461 485 1483 V
568 1461 627 1490 cum]
642 1461 695 1483 dum
710 1462 771 1491 (post
786 1467 876 1490 corpore
890 1468 908 1484 e.
925 1461 939 1484 ἴΔ
954 1469 983 1484 m.
999 1463 1016 1484 2
1029 1461 1062 1490 N,
1076 1470 1104 1485 ιι.
1117 1464 1128 1484 1

192 1499 218 1520 in
237 1498 265 1525 V)
282 1498 362 1520 NVba
420 1498 517 1527 corporis
533 1499 552 1524 (s
567 1504 585 1520 s.
602 1498 626 1525 1.)
642 1497 664 1520 L
708 1498 722 1520 2
736 1498 787 1520 uius
802 1497 822 1521 Β
864 1498 878 1520 3
892 1498 945 1521 inde
955 1498 1023 1521 SA?
1080 1500 1127 1521 anta

191 1541 234 1557 om.
250 1534 300 1557 NV
372 1536 528 1557 commemorat
543 1535 593 1563 apis
608 1536 628 1564 (t
641 1535 668 1557 in
681 1541 736 1561 ras..
751 1534 802 1564 apis
817 1534 871 1558 add.
886 1542 915 1557 ιιι.
927 1536 951 1562 2)
967 1535 990 1557 L
1044 1536 1059 1559 4
1074 1534 1127 1558 uidi·

192 1578 241 1593 mus
256 1571 282 1594 K
355 1571 466 1601 patientia
485 1571 506 1593 V
563 1572 576 1594 5
592 1571 649 1594 hanc
663 1571 684 1595 S
747 1571 896 1594 conuitimtes
910 1571 930 1595 S
943 1572 1094 1595 conuicium
1107 1572 1128 1594 Δ

192 1608 311 1636 obpropria
325 1608 350 1631 K
402 1609 415 1630 8
431 1608 579 1631 contelerauit
592 1608 637 1631 ΡΒ
652 1608 770 1635 tolerantia
785 1608 813 1631 N
867 1609 939 1638 possit
953 1608 973 1631 S
1030 1609 1072 1632 ale.
1086 1616 1127 1632 nou

191 1652 234 1667 om.
250 1644 275 1667 N
346 1645 359 1667 7
379 1645 456 1673 etiam]
474 1647 497 1667 et
512 1644 836 1674 KRSPFNBODVAWTM
922 1652 962 1675 pro
978 1646 1012 1674 se]
1027 1653 1093 1675 posse
1107 1646 1128 1668 P

191 1682 205 1703 8
220 1682 300 1710 magis]
316 1682 388 1710 magis
404 1689 429 1704 ac
440 1682 512 1710 magis
522 1681 729 1712 KRPFODBW7
772 1682 787 1705 9
802 1681 921 1705 exserendo
932 1682 952 1705 S
965 1682 1073 1705 exerendo
1084 1682 1128 1705 NA

193 1718 336 1747 affligebatur
351 1718 425 1747 aliquo
440 1719 517 1741 morbo
533 1718 557 1741 D
617 1719 645 1742 10
659 1719 708 1748 aut]
724 1726 759 1741 n·-
777 1718 796 1741 O
865 1721 904 1742 aut
919 1719 1011 1742 uulnere
1025 1726 1068 1742 on.
1083 1719 1109 1742 N
1111 1719 1128 1741 V

192 1756 356 1784 agnuscebatur
367 1756 390 1778 K
437 1756 461 1777 11
479 1756 599 1778 uerebantur
610 1755 629 1779 S
685 1756 786 1785 propter]
802 1763 842 1785 pro
854 1756 879 1779 K
931 1756 1131 1785 pacientissimeN

193 1793 219 1814 12
234 1792 325 1814 bibatur
340 1792 386 1815 KR
401 1792 520 1814 uiuebstur
534 1792 557 1814 P
571 1793 716 1815 aebibebntur
729 1792 757 1815 N
769 1793 915 1816 exhibebatur
932 1793 954 1816 V
966 1793 1098 1816 uincebatur
1107 1793 1129 1816 Β

191 1829 274 1857 pat-ism
291 1829 311 1852 S
355 1829 381 1851 13
396 1829 540 1858 permistione
560 1829 581 1851 V
625 1830 651 1852 14
667 1837 693 1852 en
707 1836 725 1853 e.
738 1829 753 1852 1.
768 1830 790 1852 L
849 1829 931 1853 dicitur
946 1830 968 1852 V
980 1829 1036 1853 diest
1052 1831 1073 1858 (ἓ
1083 1837 1101 1853 s.
1113 1830 1127 1852 1.

190 1866 216 1887 in
231 1868 286 1893 rae.)
298 1865 326 1888 N
369 1866 395 1888 16
407 1867 464 1888 ferre
475 1866 497 1887 Β
556 1866 653 1896 oportet]
665 1868 741 1896 potest
750 1875 763 1897 γ
822 1867 908 1889 auferre
919 1867 942 1889 B
987 1868 1015 1890 18
1030 1867 1127 1897 quando]

191 1902 250 1930 quod
266 1902 331 1924 SAV
397 1903 431 1925 sui
448 1903 544 1932 corporis
559 1903 603 1925 PB
662 1903 785 1933 diabolum]
801 1910 842 1926 om.
861 1903 940 1927 ODW
952 1903 1085 1933 discipulum
1099 1904 1129 1927 bd

190 1938 278 1967 Iudam]
296 1939 359 1966 indu
376 1939 399 1962 K
413 1946 455 1961 om.
472 1939 515 1962 SN
523 1939 560 1962 VA
620 1940 681 1969 prius
697 1940 743 1963 KR
795 1941 822 1963 19
838 1940 963 1963 ostenderit
981 1940 1002 1963 V
1058 1940 1126 1964 tudi-

189 1976 260 1997 torem
275 1983 317 1998 om.
336 1976 355 1999 O
400 1977 428 1999 20
444 1975 536 2005 dolosis]
553 1976 636 1999 dolori·
652 1976 676 1999 K
