1355 2653
247 339 302 365 424
545 336 567 359 S.
591 336 703 359 Aureli
725 336 903 366 Augu-tini

249 418 354 449 uideret,
385 425 444 444 cum
475 417 525 444 hoc
555 418 677 452 urgerent
705 417 801 449 iudaei,
831 417 882 444 nisi
912 417 1105 448 subintroducti
1132 417 1196 445 falsi

248 463 341 490 fratres
367 462 426 489 ideo
452 461 508 488 fieri
534 461 641 493 uellent,
668 462 699 488 ut
723 461 858 494 haberent,
880 461 951 496 quod
973 461 1006 489 de
1027 461 1086 496 ipso
1107 462 1195 489 Paulo

249 506 456 538 disseminarent,
487 507 620 539 tamquam
651 512 740 532 eorum
771 505 876 532 ueritati
902 505 1020 538 cesserit,
1046 505 1093 541 qui
1118 513 1195 540 spem

249 551 343 578 salutis
371 550 537 585 euangelicae
563 549 590 576 iu
613 549 810 577 circumcisione
834 549 918 577 carnis
940 551 1019 584 atque
1040 550 1099 577 eius
1120 549 1196 577 modi

249 593 475 621 obseruationibus
495 601 553 620 esse
573 593 751 628 praedicarent
769 595 796 620 et
813 593 869 621 siue
887 593 929 621 bis
944 593 1042 621 nemini
1056 593 1195 622 christum

248 638 373 672 prodesse
400 637 591 670 contenderent,
619 645 679 665 cum
705 639 794 664 contra
819 637 885 664 nibil
910 637 1048 672 prodesset
1069 637 1195 665 cbristus

250 682 297 715 eis,
317 682 362 717 qui
381 690 412 709 eo
432 682 517 709 animo
537 682 792 713 circumciderentur,
811 682 843 709 ut
860 682 897 709 ibi
917 689 974 710 esse
990 683 1103 710 salutem
1116 684 1196 717 puta-

249 727 314 757 rent,
330 726 398 753 unde
415 728 456 753 est
471 726 549 753 illud:
571 733 647 753 ecce
667 734 726 761 ego
746 726 870 753 Paulus
889 726 964 754 dieo
983 726 1089 759 uobis,
1105 726 1195 761 quia.

249 771 278 798 si
302 770 604 802 circumcidamini,
625 770 783 798 Christus
806 770 904 798 uobis
923 769 1011 798 nihil
1032 770 1196 806 proderit.

249 824 278 842 ex
298 815 346 842 hac
364 815 447 850 igitur
463 814 584 842 libertate
603 814 702 842 Paulus
721 816 840 849 paternas
860 814 1055 842 obseruationes
1069 814 1196 842 obserua—

249 859 297 892 uit,
321 859 371 886 hoc
393 867 474 886 unum
498 866 594 886 canens
618 861 645 885 et
667 859 827 893 praedicans,
847 867 878 886 ne
898 859 955 886 sine
972 858 1014 886 his
1033 858 1107 886 salus
1125 859 1197 887 chri—

249 903 334 930 stiana
360 903 432 929 nulla
453 904 599 937 putaretur.
629 903 725 930 Petrus
747 904 834 930 autem
859 902 1025 930 simulatione
1047 910 1104 935 sua,
1125 902 1195 930 fam-

249 954 326 981 qnam
342 947 367 973 in
383 947 512 974 iudsismo
533 947 604 974 salus
620 949 699 979 esset,
716 947 827 982 cogebat
841 948 932 981 gentes
946 946 1102 979 iudaeizare,
1120 947 1196 981 quod

249 991 329 1018 uerba
350 991 426 1018 Pauli
454 991 595 1018 ostendunt
620 991 743 1018 dicentis:
771 990 933 1025 quomodo
956 992 1074 1026 gentes
1096 991 1195 1026 cogis

248 1034 462 1062 iudaeizare?
496 1043 547 1062 non
575 1035 642 1061 enim
671 1036 832 1069 cogerentur,
855 1034 906 1061 nisi
929 1034 1049 1061 uiderent
1069 1040 1128 1062 eum
1154 1035 1195 1063 sie

249 1086 293 1106 eas
312 1078 459 1111 obseruare.
480 1078 557 1113 quasi
574 1080 676 1113 praeter
693 1078 753 1105 illas
772 1079 844 1105 salus
864 1085 922 1105 esse
938 1085 988 1105 non
1004 1080 1101 1113 posset.
1120 1078 1196 1106 Petri

248 1130 309 1158 ergo
337 1122 472 1150 simulatio
497 1122 613 1149 libertati
636 1122 711 1149 Pauli
738 1130 788 1149 non
815 1123 857 1149 est
882 1122 1052 1157 conparanda.
1084 1123 1112 1150 et
1131 1122 1195 1151 ideo

249 1167 356 1194 Petrum
372 1175 458 1194 amare
475 1167 600 1194 debemus
614 1166 726 1193 libenter
741 1167 894 1199 correctum.
906 1173 957 1194 non
972 1167 1059 1194 autem
1075 1168 1195 1195 astruere

249 1211 326 1238 etiam
346 1210 379 1238 de
398 1210 554 1238 auctoritate
569 1210 643 1237 Pauli
663 1210 836 1243 mendacium,
855 1211 917 1245 quia
935 1212 963 1238 et
977 1210 1085 1238 Petrum
1103 1218 1195 1238 coram

249 1255 369 1282 omnibus
388 1254 414 1282 in
433 1257 532 1283 rectam
551 1255 621 1282 uiam
641 1255 784 1285 reuocauit.
804 1263 836 1282 ne
852 1261 943 1289 gentes
957 1262 1004 1288 per
1019 1262 1079 1281 eum
1093 1254 1196 1282 iudaei·
1210 1266 1236 1284 η

249 1307 306 1326 zare
322 1300 485 1334 cogerentur,
505 1300 533 1326 et
550 1298 608 1333 ipse
628 1306 690 1325 suae
709 1298 897 1333 praedicationi
915 1298 1063 1326 adtestatus
1081 1299 1131 1331 est,
1147 1299 1196 1333 qui

249 1351 309 1370 cum
331 1344 468 1378 putaretur
490 1343 575 1370 hostis
598 1344 762 1377 paternarum
784 1342 954 1370 traditionum
978 1350 1008 1370 eo
1033 1341 1103 1377 quod
1120 1342 1195 1370 nole-

248 1387 294 1415 bat
324 1394 369 1414 eas
398 1387 521 1421 inponere
551 1386 683 1422 gentibus,
710 1394 760 1414 non
787 1388 940 1420 aspernatus
966 1393 1011 1414 eas
1035 1386 1094 1421 ipse
1119 1394 1195 1414 more

248 1431 331 1466 patrio
355 1431 483 1458 celebrare
507 1431 572 1458 eatis
595 1430 711 1458 ostendit
732 1431 781 1458 hoc
804 1431 830 1458 in
852 1431 891 1457 eis
910 1430 1015 1458 Christo
1036 1430 1195 1458 adueniente

248 1475 413 1509 remansisse,
440 1477 471 1503 ut
500 1483 548 1503 nec
570 1475 670 1502 iudaeis
697 1476 785 1503 essent
809 1475 971 1510 perniciosae
995 1482 1043 1503 uec
1068 1474 1194 1510 gentibus

249 1519 410 1546 necessariae
430 1526 477 1546 nec
494 1519 547 1546 iam
567 1519 690 1553 cuiquam
708 1519 843 1546 homiuum
863 1519 999 1546 salutares.

322 1627 336 1649 8
352 1626 401 1649 Gal.
417 1627 438 1652 5,
453 1627 468 1649 2
514 1627 540 1648 14
556 1626 605 1649 Gan.
621 1627 642 1652 2.
660 1627 687 1649 14

280 1692 290 1714 1
308 1692 367 1721 eum]
382 1691 434 1714 dum
450 1689 504 1720 SR
563 1693 685 1721 urguerent
698 1700 711 1721 γ
770 1692 822 1721 nisi]
837 1699 865 1715 ne
877 1692 902 1715 F
913 1692 957 1715 uisi
972 1692 1007 1720 (sl
1021 1692 1058 1720 ne)
1068 1692 1090 1715 12
1119 1693 1134 1716 2
1148 1692 1192 1716 ha-

249 1728 302 1751 bere
317 1728 343 1751 S·
404 1728 458 1757 quid
473 1728 498 1751 F
539 1729 553 1751 4
569 1729 728 1751 circuncisione
744 1729 769 1751 F
782 1729 925 1752 cirencisione
939 1729 962 1752 R
1024 1729 1151 1752 huiusmodi
1167 1729 1196 1753 F

249 1766 263 1788 6
278 1764 585 1794 contenderent—‚prodesset
598 1772 640 1788 om.
652 1765 704 1787 MR
744 1765 758 1788 9
774 1765 830 1787 nibil
845 1765 910 1788 uobis
921 1765 953 1788 ba
993 1765 1021 1789 10
1031 1766 1156 1789 “seruauit
1167 1766 1195 1789 E

249 1802 348 1825 seruauit
363 1801 377 1830 β
412 1802 439 1824 12
454 1802 517 1827 nulla
531 1802 675 1824 simulatione
691 1802 704 1831 β
740 1802 767 1825 18
781 1802 893 1825 iudaizare
907 1802 1077 1832 ὁῈΓΙιβγφῖὸᾶ
1112 1802 1139 1825 14
1154 1802 1192 1825 di-

249 1840 325 1863 oente-
334 1846 355 1867 ,,φ
402 1839 429 1862 15
443 1838 557 1862 iudaizare
568 1838 740 1868 SEFLew’ba
781 1840 807 1861 16
823 1846 850 1861 ει
861 1838 893 1871 SR
950 1839 991 1862 illa
1005 1838 1038 1867 ⁸1⁰¹
1079 1839 1105 1861 17
1120 1839 1192 1861 liber-

248 1878 297 1898 tate
319 1875 344 1906 φ*
419 1875 447 1898 19
468 1875 496 1898 dc
517 1875 579 1905 pauli
600 1876 735 1898 auctoritate
754 1875 854 1905 Ββγφδά
873 1876 934 1905 pauli
954 1875 981 1898 de
1004 1875 1142 1899 auctoritate
1160 1876 1195 1899 Μ

249 1913 286 1941 qui
298 1911 449 1942 MREss-svba
476 1912 505 1937 20
520 1912 632 1935 iudaizare
644 1912 788 1942 SEFLfiTba
817 1913 845 1935 23
858 1919 896 1935 eas
903 1919 941 1941 pr.
952 1919 994 1935 om.
1007 1912 1020 1941 β
1050 1913 1080 1935 24
1094 1913 1162 1939 statis
1176 1921 1192 1943 φ

249 1949 271 1971 in
288 1955 330 1972 om.
345 1948 371 1971 F
412 1949 441 1972 25
457 1956 505 1972 esse
520 1949 544 1972 R
602 1949 726 1978 perniciose
741 1949 773 1972 M
785 1949 901 1979 perniosae
915 1949 948 1973 R*
