1355 2653
246 343 299 370 392
537 341 559 364 S.
582 341 694 364 Aureli
716 342 894 371 Augustini

246 422 300 455 rit,
320 422 522 449 moechatur.
554 421 585 448 de
605 422 700 456 quibus
720 422 878 449 testimoniis
897 422 963 450 satis
981 422 1008 449 in
1027 422 1095 450 libro
1114 430 1187 457 supe-

245 466 311 494 riore
331 466 451 494 disserui.

282 510 315 537 X.
335 510 360 538 9.
381 510 433 537 Sed
458 509 600 544 respondes
626 509 703 537 mihi:
730 510 954 537 ‘continenter
976 510 1093 538 uiuere
1116 518 1188 546 pau-

247 562 359 582 corum
378 555 443 585 est;
468 556 499 581 et
517 553 592 581 ideo
613 554 668 588 qui
689 554 898 581 fornicantes
918 554 1079 590 coniuges
1099 554 1190 582 dimi-

247 606 323 625 seru
336 600 377 629 nt,
397 598 553 632 quoniam
571 606 632 633 non
651 599 797 632 possunt
814 598 1045 631 reconciliari,
1060 600 1190 626 tantum
1216 601 1281 621 a

247 650 281 669 se
303 642 499 677 periclitari
521 642 647 674 uident,
671 644 707 669 ut
729 643 835 677 legem
855 642 984 670 Christi
1004 651 1064 670 non
1084 643 1190 670 liuma-

246 695 325 718 nam,
349 686 406 713 sed
428 686 567 713 feralem
590 687 828 721 pronuntient.
859 695 874 714 o
896 687 984 720 frater,
1007 687 1135 721 quantum
1158 686 1190 714 ad

246 730 437 757 incontinentes
453 730 574 765 pertinet,
591 731 687 757 multas
704 731 834 765 querellas
845 731 941 759 habere
955 732 1075 766 possunt.
1087 731 1192 765 quibus,

246 776 277 801 ut
303 774 377 807 dicis,
404 774 489 809 legem
514 773 610 801 Christi
638 774 745 802 feralem
767 775 944 810 pronuntient,
966 783 1016 802 non
1040 774 1190 802 humanam.

246 821 273 845 et
294 820 381 845 tamen
404 826 454 845 non
476 820 582 853 propter
599 819 660 846 illos
679 819 844 854 euangelium
864 818 962 846 Christi
980 819 1128 854 peruertere
1147 818 1189 846 uel
1212 820 1263 840 ¹0

245 864 347 890 mutare
366 863 500 890 debemus.
524 864 550 890 te
570 863 666 898 quippe
685 864 741 890 sola
759 863 863 890 illorum
884 863 1000 898 querella
1016 864 1190 897 pel-moueret.

247 906 291 941 qui
322 906 445 941 coniuges
478 914 558 934 eausa
587 907 765 934 fornicationis
791 907 967 934 intercedente
993 906 1140 939 dimittunt.
1166 906 1190 933 ai

246 950 311 977 alias
337 950 432 977 ducere
457 958 506 978 non
534 950 659 982 sinantur,
683 951 804 985 quoniam
829 951 959 978 continere
982 957 1126 985 paucorum
1149 952 1191 978 est

246 996 325 1029 atque
345 994 377 1021 ad
396 994 424 1021 id
443 994 539 1021 debent
556 995 634 1022 laude
654 994 793 1028 adhortari,
813 1002 863 1023 non
880 995 940 1030 lege
959 994 1080 1029 conpelli.
1099 993 1190 1029 ittaque

246 1038 269 1065 si
295 1038 405 1066 dimissa
431 1038 549 1066 adultera
575 1047 626 1066 non
653 1039 759 1066 ducitur
788 1039 878 1071 altera,
908 1039 1006 1066 iustam
1035 1038 1189 1073 querellam,
1206 1040 1237 1060 ¹⁵

247 1082 316 1109 sicut
330 1084 417 1116 putas.
432 1082 539 1110 habebit
553 1083 688 1110 hominum
704 1082 897 1110 incontinentia.
917 1082 965 1110 sed
975 1082 1094 1115 adtende.
1110 1089 1189 1116 qnam

245 1127 320 1161 plura
339 1126 399 1159 sint,
419 1126 474 1159 ubi,
494 1127 516 1154 si
536 1127 664 1161 querellas
679 1127 895 1154 incontinentium
911 1127 1025 1154 uelimus
1041 1126 1190 1159 admittere,

246 1178 352 1197 necesse
372 1170 446 1197 nobis
462 1170 511 1197 erit
525 1170 653 1198 adulteria
668 1171 786 1198 facienda
799 1171 959 1205 permittere.
979 1170 1061 1205 quid?
1080 1170 1104 1197 si
1119 1170 1189 1198 enim

245 1214 334 1249 aliquo
357 1214 479 1241 diuturno
502 1216 529 1242 et
550 1215 686 1242 insanabili
706 1215 796 1242 morbo
815 1215 930 1249 corporis
949 1215 1069 1242 teneatur
1086 1214 1190 1247 coniux,

247 1265 298 1292 quo
322 1258 477 1285 concubitus
495 1258 645 1293 inpeditur?
672 1258 753 1293 quid?
775 1258 798 1286 si
818 1258 959 1293 captiuitas
978 1258 1023 1285 nel-
1040 1258 1082 1285 uis
1101 1258 1190 1293 aliqua
1204 1263 1236 1281 ¹⁰

247 1304 356 1337 separet,
379 1302 417 1329 ita
438 1303 468 1329 ut
490 1303 557 1330 sciat
572 1303 666 1330 uiuere
685 1303 795 1330 maritus
814 1310 929 1335 uxorem,
949 1302 1025 1329 cuius
1043 1301 1096 1329 sibi
1114 1302 1190 1337 copia

247 1346 396 1381 denegatur,
423 1354 547 1374 censesne
575 1346 735 1374 admittenda
760 1346 976 1374 incontinentium
1007 1354 1142 1374 murmura
1162 1348 1190 1375 et

247 1390 419 1424 permittenda
445 1390 589 1417 adulteria?
624 1390 686 1425 quid
712 1391 738 1417 in
761 1391 810 1418 hoc
832 1390 899 1425 ipso.
923 1389 991 1417 unde
1012 1390 1189 1426 interrogatus

247 1436 288 1461 est
306 1434 427 1461 dominus
449 1434 634 1470 responditque
653 1435 709 1462 fieri
727 1443 776 1462 non
797 1435 898 1466 debere,
918 1434 964 1462 sed
982 1434 1016 1461 ad
1037 1433 1189 1462 duritiam

321 1535 335 1557 2
351 1534 378 1558 cf.
394 1542 415 1564 p.
432 1535 475 1558 357
491 1542 539 1564 sqq.
585 1535 599 1558 8
615 1534 711 1558 Pollent.
756 1535 785 1557 24
800 1534 828 1559 cf.
843 1535 923 1558 naeth.
940 1535 975 1561 19.
990 1534 1005 1558 8

278 1586 288 1608 1
305 1586 350 1608 iam
365 1586 420 1608 satis
435 1585 524 1608 PN‘bd
581 1586 694 1615 superiore
709 1586 765 1608 libro
780 1585 804 1608 R
848 1586 956 1615 superiori
971 1586 994 1608 Ρ
1036 1586 1051 1609 3
1066 1586 1152 1609 uiuerei
1166 1585 1190 1608 E

247 1623 261 1645 6
277 1622 355 1645 uident
370 1622 492 1651 periclitari
508 1622 539 1645 ba
554 1623 675 1651 periclitari
691 1622 784 1646 uideant
798 1623 828 1646 Μ’
878 1624 892 1646 8
908 1622 1034 1652 quaere-las
1048 1622 1072 1645 B
1086 1623 1188 1652 querelas

251 1659 464 1682 TVEMNRSPM
534 1659 562 1682 10
577 1661 663 1682 uertere
681 1659 744 1683 TES
814 1661 839 1683 11
856 1667 931 1682 eorum
947 1660 979 1683 bd
1035 1659 1153 1689 quaere-ln.
1165 1659 1189 1681 B

249 1696 354 1725 quaerela
372 1696 392 1718 Τ
406 1696 495 1725 querela
515 1696 682 1719 VEMNRSba
740 1698 857 1726 permonet
874 1697 1013 1720 TEMNRS
1077 1697 1104 1719 12
1119 1696 1188 1719 inter-

248 1732 336 1755 cidente
352 1732 376 1755 Ε
418 1733 456 1762 qni
471 1733 490 1755 si
505 1732 536 1755 Μ
572 1734 599 1756 13
616 1734 660 1756 ulia
678 1734 699 1756 T
712 1734 769 1756 aliae
785 1734 841 1756 ΕΝι
880 1735 907 1757 14
922 1736 947 1756 nt
960 1734 990 1756 M
1032 1733 1132 1756 edormi
1145 1732 1191 1756 TN

250 1770 278 1792 15
292 1770 325 1792 sic
344 1769 407 1792 VES
454 1776 498 1792 non
514 1769 604 1792 ducitur
618 1770 689 1793 altera
704 1777 746 1794 om.
766 1770 884 1794 VETSN¹
919 1771 947 1793 16
961 1770 1146 1793 incontinentiam
1159 1769 1188 1792 T*

248 1805 288 1829 sed
304 1808 327 1829 et
346 1806 418 1829 VSN¹
470 1807 496 1829 17
512 1807 604 1836 pulchra
618 1809 644 1835 (s.
661 1807 675 1829 1.
690 1807 764 1836 plura)
779 1807 803 1830 N
851 1808 904 1830 sunt
918 1807 985 1830 wba
1027 1807 1152 1830 incomium
1166 1806 1190 1829 E

251 1843 278 1865 18
292 1842 366 1866 fienda
385 1842 507 1866 VEMSN¹
566 1845 625 1867 euim
641 1844 659 1867 si
675 1844 694 1867 S
749 1844 775 1867 19
792 1844 888 1867 sanabili
903 1844 929 1867 Ε
984 1845 1089 1867 teneatur
1103 1850 1145 1866 om.
1160 1842 1190 1866 Π

249 1880 344 1902 coniunx
359 1880 381 1903 R
440 1881 467 1903 21
485 1882 582 1910 separet]
599 1883 687 1910 raperet
701 1881 724 1904 R
797 1881 891 1903 maritus
906 1881 982 1903 uiuere
1000 1880 1022 1903 T
1078 1880 1107 1903 22
1122 1881 1187 1903 amit-

249 1916 319 1939 tenda
332 1917 363 1938 B'
380 1917 527 1940 ammittenda
545 1917 608 1940 T¹B²
680 1918 709 1940 24
725 1918 808 1940 debent
827 1917 917 1940 VEMS
994 1917 1099 1940 duritiam
1114 1916 1188 1945 inquit

254 1953 351 1976 VEMN
