1355 2653
191 347 244 373 472
476 346 499 368 S.
523 346 634 368 Aureli
658 346 838 374 Augustini

191 425 281 451 dicunt
303 425 329 451 in
349 424 425 451 corde
444 423 604 450 retinendum
625 430 691 455 esse,
712 423 780 458 quod
800 432 890 450 uerum
910 426 959 457 est,
978 432 1021 452 ore
1040 426 1126 452 autem

190 469 222 496 ad
242 469 339 495 allenos
359 468 472 502 proferre
491 467 586 494 falsum
606 467 706 494 nullum
726 475 784 494 esse
802 469 938 501 peccatum
957 469 984 495 et
1002 469 1052 496 hoe
1072 477 1128 496 esse

191 513 330 548 scriptum:
354 512 409 546 qui
432 511 585 546 loquitur
603 511 783 538 ueritatem
803 511 834 538 in
854 512 952 539 corde
971 520 1044 546 suo;
1064 514 1128 540 tum·

191 565 268 591 quum
291 557 340 583 hoc
363 556 427 582 satis
449 555 486 582 sit
505 555 537 582 ad
555 555 691 588 iustitiam,
711 556 813 583 etiamsi
832 556 955 590 loquatur
972 556 1085 592 quisque
1102 557 1128 584 in

190 608 233 627 ore
252 600 423 633 mendacium,
443 599 545 634 quando
564 607 615 626 non
633 600 774 634 proximus,
793 600 840 627 sed
858 600 959 628 alienus
977 601 1028 629 hoc
1047 601 1128 628 audit.
1152 611 1164 629 ι

189 645 325 679 propterea
343 644 420 671 etiam
441 645 534 678 putant
553 644 701 678 apostolum
720 644 839 675 Paulum,
860 652 919 671 cum
938 645 1058 673 dixisset:
1082 645 1129 672 de—

190 690 350 723 ponentes
377 687 584 714 mendacium
610 687 792 722 loquimini
815 688 1004 721 uel-itatem,
1038 688 1129 716 statim

191 732 335 759 addidisse:
348 731 581 766 unusquisque
597 739 667 758 cum
684 732 830 766 proximo
846 740 914 765 suo,
926 733 1129 767 quiasumus

190 776 334 803 inuicem
355 775 504 808 membra,
523 778 554 802 ut
573 775 696 803 uidelicet
714 783 774 803 cum
789 776 837 808 eis,
853 776 896 811 qni
915 776 990 804 nobis
1005 776 1031 803 in
1047 776 1130 803 socie-

190 822 243 847 tate
262 820 382 847 ueritatis
401 819 509 854 proximi
529 827 580 846 non
599 821 662 846 sunt
676 827 768 855 neque,
784 821 815 847 ut
829 820 867 847 ita
882 820 975 853 dicam,
990 828 1129 848 commem·
1145 832 1165 849 ω

190 864 248 891 bres
267 864 349 891 nostri
368 864 438 896 sunt,
458 863 529 898 loqui
547 864 627 890 licent
646 865 814 898 oporteatque
833 864 1005 892 mendacium.

227 909 253 935 3.
272 908 344 941 Quae
367 908 497 935 sententia
518 909 622 935 sanctos
645 909 771 942 martyres
794 908 940 941 exhonorat,
962 908 1042 936 immo
1066 916 1129 936 uero

190 953 274 979 aufert
304 953 394 979 sancta
423 952 527 978 omnino
553 952 683 986 martyris.
716 952 813 979 iustius
839 952 908 979 enim
933 952 1130 988 sapientiusque

189 997 303 1023 facerent
325 996 468 1023 secundum
491 995 566 1027 istos,
590 996 613 1022 si
634 996 843 1030 persecutoribus
867 997 924 1024 suis
945 1004 996 1024 non
1018 1004 1047 1024 se
1070 1005 1130 1024 con-

191 1041 324 1068 fiterentur
349 1047 407 1067 esse
434 1039 588 1067 christianos
615 1048 662 1067 nec
688 1048 733 1067 eos
760 1048 808 1067 sua
830 1040 993 1068 confessione
1015 1040 1131 1069 facerent
1144 1048 1165 1066 ιι

189 1085 344 1117 homicidas,
366 1084 412 1111 sed
435 1085 523 1119 potius
546 1084 693 1111 mentiendo
716 1085 742 1111 et
764 1085 881 1119 negando
904 1085 974 1119 qnod
998 1086 1079 1116 erant,
1103 1087 1130 1112 et

189 1129 241 1164 ipsi
260 1129 364 1156 saluum
382 1128 507 1155 haberent
526 1128 610 1155 carnis
630 1128 794 1156 commodum
813 1129 950 1163 cordisque
964 1129 1129 1164 propositum

190 1175 217 1200 et
242 1173 303 1200 illos
330 1174 483 1207 conceptum
510 1172 595 1199 animo
623 1172 710 1199 scelus
732 1172 831 1207 inplere
853 1180 903 1199 non
926 1172 1047 1200 sinerent.
1078 1181 1129 1201 non

190 1217 258 1244 enim
288 1217 398 1252 proximi
429 1224 516 1244 eorum
547 1218 620 1243 erant
644 1217 671 1243 in
697 1216 748 1244 fide
774 1216 922 1248 christiana.
948 1218 980 1244 ut
1004 1224 1065 1244 cum
1091 1217 1129 1244 eis

190 1261 313 1288 deberent
338 1260 412 1295 loqui
438 1260 575 1287 ueritatem
602 1260 627 1287 in
654 1268 697 1287 ore
723 1268 780 1293 suo,
807 1269 885 1295 quam
906 1260 1082 1295 loquebantur
1101 1261 1129 1288 in
1143 1269 1164 1285 ιο

191 1305 266 1332 corde
286 1313 343 1337 suo,
363 1305 409 1332 sed
427 1305 510 1339 ipsius
528 1304 648 1332 ueritatis
667 1305 774 1339 insuper
791 1305 899 1332 inimici.
926 1305 949 1331 si
968 1305 1036 1332 enim
1054 1305 1128 1337 lehn,

190 1356 268 1383 quem
295 1349 346 1376 sibi
372 1348 441 1375 inter
466 1351 566 1377 ceteros
594 1349 626 1375 sd
653 1349 798 1384 exemplum
823 1348 964 1376 mentiendi
989 1348 1129 1383 prudenter

190 1393 313 1420 uidentur
340 1393 443 1425 intueri,
470 1401 575 1420 seruum
598 1392 705 1420 Bahalis
732 1401 760 1420 se
787 1400 844 1420 esse
870 1392 996 1420 mentitus
1022 1393 1072 1425 est,
1098 1393 1129 1419 ut

262 1472 277 1494 3
292 1471 328 1494 Ps.
346 1471 380 1498 14,
396 1472 409 1493 2
454 1472 467 1494 6
483 1471 541 1500 Eph.
556 1471 578 1498 4,
594 1471 622 1494 25
667 1471 693 1493 21
711 1470 738 1493 cs.
755 1471 787 1493 lv
802 1471 856 1500 Reg.
873 1478 920 1500 esp.
937 1471 965 1494 10

220 1516 230 1537 l
249 1521 292 1544 quo
310 1514 344 1537 01»
388 1521 425 1544 ore
443 1514 477 1537 01⁸
514 1515 527 1536 2
543 1514 622 1536 salsum
634 1517 688 1543 post
704 1521 753 1537 esse
770 1514 803 1537 071
847 1514 928 1537 falsum
944 1521 993 1538 esse
1007 1514 1094 1538 nullum
1110 1515 1130 1538 G

189 1552 232 1574 hoc
247 1558 289 1574 om.
307 1551 340 1573 Oh
383 1552 398 1573 4
414 1558 440 1573 oc
457 1551 476 1573 C
533 1551 630 1580 etiamsi]
647 1551 666 1573 si
681 1551 703 1573 V
745 1551 760 1573 ὁ
775 1551 859 1573 siienos
872 1551 937 1573 GM*
981 1551 996 1574 6
1010 1553 1127 1581 proptera

190 1588 232 1611 hoc
248 1597 262 1618 φ
321 1589 402 1617 putent
418 1588 484 1610 etism
501 1587 532 1610 ba
580 1588 595 1610 8
610 1587 723 1610 addidisse
738 1587 769 1616 (di
786 1588 826 1610 alt.
840 1595 858 1611 ο.
874 1588 899 1616 l.)
914 1587 937 1611 R
995 1587 1057 1618 quin]
1072 1595 1127 1618 qno-

189 1625 250 1647 niam
264 1633 280 1654 γ
324 1625 338 1647 9
353 1624 444 1647 menbra
463 1625 483 1646 T
537 1624 565 1647 10
580 1625 663 1647 ueritas
680 1624 708 1647 1'1
724 1624 827 1647 ueritatis
843 1625 882 1652 (tis
896 1632 914 1647 s.
930 1624 955 1654 1.)
972 1624 1006 1647 01·
1063 1632 1126 1648 con·-

190 1661 298 1683 membre·
313 1660 336 1683 R
383 1661 408 1683 12
424 1662 497 1683 sentin
513 1661 547 1683 Ch
562 1661 686 1683 sententia.-
697 1661 720 1683 R
769 1656 833 1684 ffi
851 1660 906 1683 Tor·
954 1661 1057 1683 mirtires
1070 1660 1128 1684 GRV

191 1698 296 1719 exonerat
309 1696 332 1719 B
346 1697 466 1719 inhonorat
484 1697 505 1718 V
591 1697 651 1726 uero]
668 1698 756 1720 omnino
776 1697 796 1719 V
874 1698 901 1720 13
917 1698 1005 1720 omnino
1019 1698 1098 1720 suctu
1111 1706 1127 1727 γ

192 1734 220 1756 14
234 1733 415 1762 persequtoribus
435 1733 454 1755 V
516 1734 658 1756 confiteretur
672 1734 725 1757 Ru
799 1736 826 1757 16
846 1734 952 1757 omicida
970 1733 999 1757 Τι
1058 1736 1093 1756 set
1109 1734 1129 1756 C

192 1771 218 1792 17
233 1770 306 1799 ipsum
325 1770 347 1792 V
404 1770 541 1792 commodum
556 1770 650 1798 csmisss
708 1770 823 1793 comodum
839 1779 852 1800 φ
910 1771 1047 1800 propositam
1060 1770 1127 1793 Chr·

192 1808 218 1830 18
234 1807 341 1836 concepto
355 1805 389 1829 13²
403 1807 510 1835 conceptu
527 1806 595 1829 cm*
640 1807 738 1829 animo·-
754 1807 788 1830 01·
835 1807 906 1830 scelos
924 1807 989 1830 clm
1004 1807 1089 1830 senelus
1103 1807 1127 1831 B

192 1844 219 1866 19
234 1845 261 1866 ut
275 1851 316 1867 om.
337 1843 391 1866 Tot·
453 1843 514 1873 loqui
527 1844 558 1866 eis
570 1843 689 1866 ueritatem
702 1843 808 1867 deberent
819 1852 834 1874 γ
877 1844 906 1867 20
918 1844 972 1867 hore
985 1844 1006 1867 0
1043 1845 1072 1867 21
1083 1844 1126 1867 ini-

190 1881 243 1903 mici
257 1880 360 1903 ueritntis
375 1880 493 1903 ueritatem
509 1880 608 1902 celarent
626 1880 647 1902 V
733 1881 824 1909 insuper
842 1888 884 1903 om.
904 1881 924 1903 V
1010 1880 1074 1910 Iehu]
1089 1881 1126 1904 ieu

189 1916 312 1946 nomos
327 1918 374 1939 iesu
393 1916 430 1939 W*
446 1923 494 1939 eum
510 1917 533 1939 P
546 1917 584 1939 ilie
600 1917 643 1939 FL
658 1918 710 1940 hieu
725 1919 735 1946 β
750 1918 802 1940 iheu
820 1917 861 1940 W²
914 1918 942 1940 23
957 1917 1069 1947 uidentur]
1085 1925 1124 1940 uo·

190 1954 279 1976 luerunt
297 1953 318 1975 V
375 1953 445 1975 bsslis
464 1953 515 1976 Vba
