<?xml version="1.0" encoding="UTF-8"?>
<!DOCTYPE html PUBLIC "-//W3C//DTD XHTML 1.0 Transitional//EN"
    "http://www.w3.org/TR/xhtml1/DTD/xhtml1-transitional.dtd">
<html xmlns="http://www.w3.org/1999/xhtml" xml:lang="en" lang="en">
 <head>
  <title>
</title>
<meta http-equiv="Content-Type" content="text/html;charset=utf-8" />
  <meta name='ocr-system' content='tesseract 3.04.00' />
  <meta name='ocr-capabilities' content='ocr_page ocr_carea ocr_par ocr_line ocrx_word'/>
</head>
<body>
  <div class='ocr_page' id='page_1' title='image "./sanctiavreliavg01zychgoog_0632.png"; bbox 0 0 1355 2653; ppageno 0'>
   <div class='ocr_carea' id='block_1_1' title="bbox 190 362 841 391">
    <p class='ocr_par' dir='ltr' id='par_1_1' title="bbox 190 362 841 391">
     <span class='ocr_line' id='line_1_1' title="bbox 190 362 841 391; baseline 0.002 -7"><span class='ocrx_word' id='word_1_1' title='bbox 190 365 243 391; x_wconf 79' lang='grc'><strong>576</strong></span> <span class='ocrx_word' id='word_1_2' title='bbox 485 363 507 385; x_wconf 77' lang='grc' dir='ltr'><strong>Β,</strong></span> <span class='ocrx_word' id='word_1_3' title='bbox 530 362 642 385; x_wconf 80' lang='lat' dir='ltr'>Aureli</span> <span class='ocrx_word' id='word_1_4' title='bbox 663 363 841 391; x_wconf 70' lang='lat' dir='ltr'><strong>Augustini</strong></span> 
     </span>
    </p>
   </div>
   <div class='ocr_carea' id='block_1_2' title="bbox 189 443 1170 1536">
    <p class='ocr_par' dir='ltr' id='par_1_2' title="bbox 190 443 1167 744">
     <span class='ocr_line' id='line_1_2' title="bbox 190 443 1133 479; baseline 0 -9"><span class='ocrx_word' id='word_1_5' title='bbox 190 452 270 479; x_wconf 83' lang='lat' dir='ltr'><strong>propo</strong></span> <span class='ocrx_word' id='word_1_6' title='bbox 284 446 342 475; x_wconf 68' lang='lat' dir='ltr'><strong>⁴ant,</strong></span> <span class='ocrx_word' id='word_1_7' title='bbox 366 452 416 471; x_wconf 91' lang='lat' dir='ltr'><strong>non</strong></span> <span class='ocrx_word' id='word_1_8' title='bbox 436 443 520 470; x_wconf 87' lang='lat' dir='ltr'><strong>solum</strong></span> <span class='ocrx_word' id='word_1_9' title='bbox 541 451 591 470; x_wconf 90' lang='lat' dir='ltr'><strong>non</strong></span> <span class='ocrx_word' id='word_1_10' title='bbox 611 443 779 478; x_wconf 79' lang='lat' dir='ltr'><strong>reprehendo,</strong></span> <span class='ocrx_word' id='word_1_11' title='bbox 803 443 859 475; x_wconf 81' lang='lat' dir='ltr'><strong>sed.</strong></span> <span class='ocrx_word' id='word_1_12' title='bbox 879 445 1005 477; x_wconf 80' lang='lat' dir='ltr'><strong>quantum</strong></span> <span class='ocrx_word' id='word_1_13' title='bbox 1025 443 1133 479; x_wconf 86' lang='lat' dir='ltr'><strong>dignum</strong></span> 
     </span>
     <span class='ocr_line' id='line_1_3' title="bbox 191 487 1133 522; baseline 0.001 -8"><span class='ocrx_word' id='word_1_14' title='bbox 191 490 239 520; x_wconf 84' lang='lat' dir='ltr'><strong>est,</strong></span> <span class='ocrx_word' id='word_1_15' title='bbox 266 488 371 514; x_wconf 82' lang='lat' dir='ltr'><strong>laudare</strong></span> <span class='ocrx_word' id='word_1_16' title='bbox 390 496 440 515; x_wconf 90' lang='lat' dir='ltr'><strong>non</strong></span> <span class='ocrx_word' id='word_1_17' title='bbox 460 495 577 522; x_wconf 85' lang='lat' dir='ltr'><strong>possum.</strong></span> <span class='ocrx_word' id='word_1_18' title='bbox 606 487 669 522; x_wconf 87' lang='lat' dir='ltr'><strong>quid</strong></span> <span class='ocrx_word' id='word_1_19' title='bbox 692 488 779 514; x_wconf 79' lang='lat' dir='ltr'><strong>tamen</strong></span> <span class='ocrx_word' id='word_1_20' title='bbox 800 487 831 514; x_wconf 90' lang='lat' dir='ltr'><strong>de</strong></span> <span class='ocrx_word' id='word_1_21' title='bbox 850 487 892 514; x_wconf 89' lang='lat' dir='ltr'><strong>his</strong></span> <span class='ocrx_word' id='word_1_22' title='bbox 912 487 1025 515; x_wconf 78' lang='lat' dir='ltr'><strong>dicimus</strong></span> <span class='ocrx_word' id='word_1_23' title='bbox 1044 495 1133 515; x_wconf 87' lang='lat' dir='ltr'><strong>seeun-</strong></span> 
     </span>
     <span class='ocr_line' id='line_1_4' title="bbox 190 532 1134 567; baseline 0 -9"><span class='ocrx_word' id='word_1_24' title='bbox 190 533 252 559; x_wconf 90' lang='lat' dir='ltr'><strong>dum</strong></span> <span class='ocrx_word' id='word_1_25' title='bbox 272 533 382 559; x_wconf 87' lang='lat' dir='ltr'><strong>istorum</strong></span> <span class='ocrx_word' id='word_1_26' title='bbox 402 532 564 559; x_wconf 86' lang='lat' dir='ltr'><strong>intellectum</strong></span> <span class='ocrx_word' id='word_1_27' title='bbox 585 540 614 558; x_wconf 91' lang='lat' dir='ltr'><strong>ex</strong></span> <span class='ocrx_word' id='word_1_28' title='bbox 633 532 792 567; x_wconf 76' lang='lat' dir='ltr'><strong>euangelicis</strong></span> <span class='ocrx_word' id='word_1_29' title='bbox 812 532 918 559; x_wconf 75' lang='lat' dir='ltr'><strong>uerbis?</strong></span> <span class='ocrx_word' id='word_1_30' title='bbox 944 540 976 559; x_wconf 80' lang='lat' dir='ltr'><strong>an</strong></span> <span class='ocrx_word' id='word_1_31' title='bbox 995 532 1063 559; x_wconf 84' lang='lat' dir='ltr'><strong>forte</strong></span> <span class='ocrx_word' id='word_1_32' title='bbox 1083 539 1134 566; x_wconf 86' lang='lat' dir='ltr'><strong>quo</strong></span> 
     </span>
     <span class='ocr_line' id='line_1_5' title="bbox 190 575 1134 611; baseline -0.001 -8"><span class='ocrx_word' id='word_1_33' title='bbox 190 579 252 603; x_wconf 86' lang='lat' dir='ltr'><strong>sunt</strong></span> <span class='ocrx_word' id='word_1_34' title='bbox 278 577 429 608; x_wconf 79' lang='lat' dir='ltr'><strong>sanctiores.</strong></span> <span class='ocrx_word' id='word_1_35' title='bbox 456 584 486 603; x_wconf 91' lang='lat' dir='ltr'><strong>eo</strong></span> <span class='ocrx_word' id='word_1_36' title='bbox 513 577 576 603; x_wconf 86' lang='lat' dir='ltr'><strong>sunt</strong></span> <span class='ocrx_word' id='word_1_37' title='bbox 601 576 753 602; x_wconf 84' lang='lat' dir='ltr'><strong>uolneribus</strong></span> <span class='ocrx_word' id='word_1_38' title='bbox 781 576 972 609; x_wconf 79' lang='lat' dir='ltr'><strong>dissimiliores,</strong></span> <span class='ocrx_word' id='word_1_39' title='bbox 999 576 1061 611; x_wconf 77' lang='lat' dir='ltr'><strong>quin</strong></span> <span class='ocrx_word' id='word_1_40' title='bbox 1084 575 1134 603; x_wconf 87' lang='lat' dir='ltr'><strong>nisi</strong></span> 
     </span>
     <span class='ocr_line' id='line_1_6' title="bbox 190 619 1167 655; baseline 0 -8"><span class='ocrx_word' id='word_1_41' title='bbox 190 622 316 655; x_wconf 78' lang='lat' dir='ltr'><strong>reponant</strong></span> <span class='ocrx_word' id='word_1_42' title='bbox 342 620 392 647; x_wconf 88' lang='lat' dir='ltr'><strong>sibi</strong></span> <span class='ocrx_word' id='word_1_43' title='bbox 418 628 491 647; x_wconf 75' lang='lat' dir='ltr'><strong>esces</strong></span> <span class='ocrx_word' id='word_1_44' title='bbox 518 620 543 646; x_wconf 93' lang='lat' dir='ltr'><strong>in</strong></span> <span class='ocrx_word' id='word_1_45' title='bbox 571 620 698 653; x_wconf 86' lang='lat' dir='ltr'><strong>plurimos</strong></span> <span class='ocrx_word' id='word_1_46' title='bbox 725 619 790 652; x_wconf 82' lang='lat' dir='ltr'><strong>dies,</strong></span> <span class='ocrx_word' id='word_1_47' title='bbox 816 620 949 647; x_wconf 77' lang='lat' dir='ltr'><strong>includere</strong></span> <span class='ocrx_word' id='word_1_48' title='bbox 976 628 1004 647; x_wconf 90' lang='lat' dir='ltr'><strong>se</strong></span> <span class='ocrx_word' id='word_1_49' title='bbox 1031 620 1078 652; x_wconf 78' lang='lat' dir='ltr'><strong>ita,</strong></span> <span class='ocrx_word' id='word_1_50' title='bbox 1103 622 1134 647; x_wconf 87' lang='lat' dir='ltr'><strong>ut</strong></span> <span class='ocrx_word' id='word_1_51' title='bbox 1157 628 1167 646; x_wconf 69' lang='grc' dir='ltr'><strong><em>ε</em></strong></span> 
     </span>
     <span class='ocr_line' id='line_1_7' title="bbox 190 663 1135 698; baseline 0 -6"><span class='ocrx_word' id='word_1_52' title='bbox 190 666 297 697; x_wconf 77' lang='lat' dir='ltr'><strong>faciunt,</strong></span> <span class='ocrx_word' id='word_1_53' title='bbox 324 672 375 691; x_wconf 88' lang='lat' dir='ltr'><strong>non</strong></span> <span class='ocrx_word' id='word_1_54' title='bbox 401 664 544 691; x_wconf 80' lang='lat' dir='ltr'><strong>ualebunt?</strong></span> <span class='ocrx_word' id='word_1_55' title='bbox 572 665 597 690; x_wconf 80' lang='lat' dir='ltr'><strong>et</strong></span> <span class='ocrx_word' id='word_1_56' title='bbox 624 663 716 698; x_wconf 87' lang='lat' dir='ltr'><strong>utique</strong></span> <span class='ocrx_word' id='word_1_57' title='bbox 736 663 874 691; x_wconf 85' lang='lat' dir='ltr'><strong>nobiscum</strong></span> <span class='ocrx_word' id='word_1_58' title='bbox 893 664 1016 691; x_wconf 79' lang='lat' dir='ltr'><strong>audiunt:</strong></span> <span class='ocrx_word' id='word_1_59' title='bbox 1037 664 1135 692; x_wconf 84' lang='lat' dir='ltr'><strong>nolite</strong></span> 
     </span>
     <span class='ocr_line' id='line_1_8' title="bbox 191 708 672 744; baseline -0.004 -8"><span class='ocrx_word' id='word_1_60' title='bbox 191 717 263 744; x_wconf 88' lang='lat' dir='ltr'><strong>ergo</strong></span> <span class='ocrx_word' id='word_1_61' title='bbox 284 709 424 743; x_wconf 87' lang='lat' dir='ltr'><strong>cogitare</strong></span> <span class='ocrx_word' id='word_1_62' title='bbox 443 708 472 735; x_wconf 92' lang='lat' dir='ltr'><strong>in</strong></span> <span class='ocrx_word' id='word_1_63' title='bbox 493 708 672 735; x_wconf 82' lang='lat' dir='ltr'><strong>crastinum.</strong></span> 
     </span>
    </p>

    <p class='ocr_par' dir='ltr' id='par_1_3' title="bbox 189 752 1170 1447">
     <span class='ocr_line' id='line_1_9' title="bbox 226 752 1135 789; baseline 0.001 -9"><span class='ocrx_word' id='word_1_64' title='bbox 226 755 269 780; x_wconf 89' lang='lat'><strong>30.</strong></span> <span class='ocrx_word' id='word_1_65' title='bbox 287 753 458 787; x_wconf 75' lang='lat' dir='ltr'>Quapropter,</span> <span class='ocrx_word' id='word_1_66' title='bbox 474 754 505 779; x_wconf 85' lang='lat' dir='ltr'><strong>ut</strong></span> <span class='ocrx_word' id='word_1_67' title='bbox 518 752 634 779; x_wconf 86' lang='lat' dir='ltr'><strong>breuiter</strong></span> <span class='ocrx_word' id='word_1_68' title='bbox 649 752 805 787; x_wconf 82' lang='lat' dir='ltr'><strong>conplectar,</strong></span> <span class='ocrx_word' id='word_1_69' title='bbox 821 753 874 786; x_wconf 83' lang='lat' dir='ltr'><strong>isti,</strong></span> <span class='ocrx_word' id='word_1_70' title='bbox 892 753 937 788; x_wconf 87' lang='lat' dir='ltr'><strong>qni</strong></span> <span class='ocrx_word' id='word_1_71' title='bbox 952 761 982 780; x_wconf 88' lang='lat' dir='ltr'><strong>ex</strong></span> <span class='ocrx_word' id='word_1_72' title='bbox 997 753 1135 789; x_wconf 74' lang='lat' dir='ltr'><strong>euangelio</strong></span> 
     </span>
     <span class='ocr_line' id='line_1_10' title="bbox 189 790 1134 833; baseline 0.001 -9"><span class='ocrx_word' id='word_1_73' title='bbox 189 805 312 832; x_wconf 83' lang='lat' dir='ltr'><strong>peruerse</strong></span> <span class='ocrx_word' id='word_1_74' title='bbox 339 797 474 824; x_wconf 84' lang='lat' dir='ltr'><strong>intellectu</strong></span> <span class='ocrx_word' id='word_1_75' title='bbox 492 790 554 823; x_wconf 79' lang='lat' dir='ltr'><strong>¹tam</strong></span> <span class='ocrx_word' id='word_1_76' title='bbox 581 796 720 823; x_wconf 81' lang='lat' dir='ltr'><strong>manifesta</strong></span> <span class='ocrx_word' id='word_1_77' title='bbox 746 797 892 831; x_wconf 78' lang='lat' dir='ltr'><strong>apostolica</strong></span> <span class='ocrx_word' id='word_1_78' title='bbox 917 799 1056 832; x_wconf 77' lang='lat' dir='ltr'><strong>praecepta</strong></span> <span class='ocrx_word' id='word_1_79' title='bbox 1080 806 1134 833; x_wconf 89' lang='lat' dir='ltr'><strong>per-</strong></span> 
     </span>
     <span class='ocr_line' id='line_1_11' title="bbox 190 840 1170 875; baseline -0.001 -7"><span class='ocrx_word' id='word_1_80' title='bbox 190 844 291 868; x_wconf 87' lang='lat' dir='ltr'><strong>uertere</strong></span> <span class='ocrx_word' id='word_1_81' title='bbox 310 841 461 873; x_wconf 88' lang='lat' dir='ltr'><strong>moliuntur,</strong></span> <span class='ocrx_word' id='word_1_82' title='bbox 482 841 527 867; x_wconf 78' lang='lat' dir='ltr'><strong>aut</strong></span> <span class='ocrx_word' id='word_1_83' title='bbox 549 849 599 867; x_wconf 90' lang='lat' dir='ltr'><strong>non</strong></span> <span class='ocrx_word' id='word_1_84' title='bbox 619 840 738 875; x_wconf 80' lang='lat' dir='ltr'><strong>cogitent</strong></span> <span class='ocrx_word' id='word_1_85' title='bbox 755 841 780 867; x_wconf 90' lang='lat' dir='ltr'><strong>in</strong></span> <span class='ocrx_word' id='word_1_86' title='bbox 805 841 955 874; x_wconf 82' lang='lat' dir='ltr'><strong>crastinum,</strong></span> <span class='ocrx_word' id='word_1_87' title='bbox 975 841 1046 869; x_wconf 86' lang='lat' dir='ltr'><strong>sicut</strong></span> <span class='ocrx_word' id='word_1_88' title='bbox 1063 841 1135 869; x_wconf 73' lang='lat' dir='ltr'><strong>uols-</strong></span> <span class='ocrx_word' id='word_1_89' title='bbox 1149 850 1170 867; x_wconf 78' lang='lat' dir='ltr'><strong>m</strong></span> 
     </span>
     <span class='ocr_line' id='line_1_12' title="bbox 189 884 1135 919; baseline 0 -6"><span class='ocrx_word' id='word_1_90' title='bbox 189 886 248 913; x_wconf 82' lang='lat' dir='ltr'><strong>tilia</strong></span> <span class='ocrx_word' id='word_1_91' title='bbox 267 885 340 917; x_wconf 84' lang='lat' dir='ltr'><strong>caeli,</strong></span> <span class='ocrx_word' id='word_1_92' title='bbox 361 886 407 912; x_wconf 79' lang='lat' dir='ltr'><strong>eut</strong></span> <span class='ocrx_word' id='word_1_93' title='bbox 426 885 605 919; x_wconf 72' lang='lat' dir='ltr'>obtemperent</span> <span class='ocrx_word' id='word_1_94' title='bbox 623 885 751 919; x_wconf 84' lang='lat' dir='ltr'><strong>apostolo,</strong></span> <span class='ocrx_word' id='word_1_95' title='bbox 772 884 843 912; x_wconf 89' lang='lat' dir='ltr'><strong>sicut</strong></span> <span class='ocrx_word' id='word_1_96' title='bbox 865 885 913 912; x_wconf 90' lang='lat' dir='ltr'><strong>filii</strong></span> <span class='ocrx_word' id='word_1_97' title='bbox 932 885 1034 918; x_wconf 83' lang='lat' dir='ltr'><strong>dilecti;</strong></span> <span class='ocrx_word' id='word_1_98' title='bbox 1053 886 1135 913; x_wconf 88' lang='lat' dir='ltr'><strong>immo</strong></span> 
     </span>
     <span class='ocr_line' id='line_1_13' title="bbox 189 929 1135 964; baseline 0 -7"><span class='ocrx_word' id='word_1_99' title='bbox 189 932 329 964; x_wconf 85' lang='lat' dir='ltr'><strong>utrumque</strong></span> <span class='ocrx_word' id='word_1_100' title='bbox 360 929 465 961; x_wconf 85' lang='lat' dir='ltr'><strong>faciant,</strong></span> <span class='ocrx_word' id='word_1_101' title='bbox 496 929 558 963; x_wconf 83' lang='lat' dir='ltr'><strong>quia</strong></span> <span class='ocrx_word' id='word_1_102' title='bbox 587 931 728 963; x_wconf 87' lang='lat' dir='ltr'><strong>utrumque</strong></span> <span class='ocrx_word' id='word_1_103' title='bbox 762 929 909 958; x_wconf 76' lang='lat' dir='ltr'><strong>concordat.</strong></span> <span class='ocrx_word' id='word_1_104' title='bbox 947 937 1032 964; x_wconf 87' lang='lat' dir='ltr'><strong>neque</strong></span> <span class='ocrx_word' id='word_1_105' title='bbox 1066 930 1135 957; x_wconf 85' lang='lat' dir='ltr'><strong>enim</strong></span> 
     </span>
     <span class='ocr_line' id='line_1_14' title="bbox 191 973 1136 1002; baseline -0.001 -1"><span class='ocrx_word' id='word_1_106' title='bbox 191 974 318 1001; x_wconf 81' lang='lat' dir='ltr'><strong>contraria</strong></span> <span class='ocrx_word' id='word_1_107' title='bbox 348 973 452 1000; x_wconf 87' lang='lat' dir='ltr'><strong>domino</strong></span> <span class='ocrx_word' id='word_1_108' title='bbox 486 981 534 999; x_wconf 89' lang='lat' dir='ltr'><strong>suo</strong></span> <span class='ocrx_word' id='word_1_109' title='bbox 569 974 686 1000; x_wconf 89' lang='lat' dir='ltr'><strong>moneret</strong></span> <span class='ocrx_word' id='word_1_110' title='bbox 719 973 835 1001; x_wconf 82' lang='lat' dir='ltr'><strong>Paulus</strong></span> <span class='ocrx_word' id='word_1_111' title='bbox 869 981 981 1000; x_wconf 86' lang='lat' dir='ltr'><strong>seruus</strong></span> <span class='ocrx_word' id='word_1_112' title='bbox 1016 973 1136 1002; x_wconf 78' lang='lat' dir='ltr'><strong>Christi</strong></span> 
     </span>
     <span class='ocr_line' id='line_1_15' title="bbox 191 1017 1136 1051; baseline 0.001 -7"><span class='ocrx_word' id='word_1_113' title='bbox 191 1019 270 1045; x_wconf 89' lang='lat' dir='ltr'><strong>Iesu.</strong></span> <span class='ocrx_word' id='word_1_114' title='bbox 298 1017 347 1044; x_wconf 88' lang='lat' dir='ltr'><strong>hoc</strong></span> <span class='ocrx_word' id='word_1_115' title='bbox 375 1017 442 1043; x_wconf 87' lang='lat' dir='ltr'><strong>enim</strong></span> <span class='ocrx_word' id='word_1_116' title='bbox 470 1017 528 1044; x_wconf 87' lang='lat' dir='ltr'><strong>istis</strong></span> <span class='ocrx_word' id='word_1_117' title='bbox 556 1018 644 1051; x_wconf 79' lang='lat' dir='ltr'><strong>aperte</strong></span> <span class='ocrx_word' id='word_1_118' title='bbox 671 1017 796 1044; x_wconf 88' lang='lat' dir='ltr'><strong>dicimus:</strong></span> <span class='ocrx_word' id='word_1_119' title='bbox 820 1017 843 1044; x_wconf 88' lang='lat' dir='ltr'><strong>si</strong></span> <span class='ocrx_word' id='word_1_120' title='bbox 865 1017 986 1044; x_wconf 80' lang='lat' dir='ltr'><strong>uolatilia</strong></span> <span class='ocrx_word' id='word_1_121' title='bbox 1008 1017 1076 1044; x_wconf 84' lang='lat' dir='ltr'><strong>caeli</strong></span> <span class='ocrx_word' id='word_1_122' title='bbox 1098 1017 1136 1045; x_wconf 87' lang='lat' dir='ltr'><strong>sic</strong></span> 
     </span>
     <span class='ocr_line' id='line_1_16' title="bbox 190 1060 1168 1096; baseline 0 -7"><span class='ocrx_word' id='word_1_123' title='bbox 190 1061 343 1096; x_wconf 83' lang='lat' dir='ltr'><strong>intellegitis</strong></span> <span class='ocrx_word' id='word_1_124' title='bbox 362 1062 387 1088; x_wconf 88' lang='lat' dir='ltr'><strong>in</strong></span> <span class='ocrx_word' id='word_1_125' title='bbox 409 1060 554 1095; x_wconf 84' lang='lat' dir='ltr'><strong>euangelio,</strong></span> <span class='ocrx_word' id='word_1_126' title='bbox 578 1062 608 1088; x_wconf 90' lang='lat' dir='ltr'><strong>ut</strong></span> <span class='ocrx_word' id='word_1_127' title='bbox 631 1061 720 1088; x_wconf 89' lang='lat' dir='ltr'><strong>nolitis</strong></span> <span class='ocrx_word' id='word_1_128' title='bbox 743 1060 871 1095; x_wconf 78' lang='lat' dir='ltr'><strong>operando</strong></span> <span class='ocrx_word' id='word_1_129' title='bbox 893 1061 1016 1089; x_wconf 83' lang='lat' dir='ltr'><strong>manibus</strong></span> <span class='ocrx_word' id='word_1_130' title='bbox 1038 1061 1135 1089; x_wconf 82' lang='lat' dir='ltr'><strong>uestris</strong></span> <span class='ocrx_word' id='word_1_131' title='bbox 1148 1069 1168 1086; x_wconf 76' lang='grc' dir='ltr'><strong>ιι</strong></span> 
     </span>
     <span class='ocr_line' id='line_1_17' title="bbox 192 1105 1134 1140; baseline 0 -7"><span class='ocrx_word' id='word_1_132' title='bbox 192 1106 292 1133; x_wconf 84' lang='lat' dir='ltr'><strong>uictum</strong></span> <span class='ocrx_word' id='word_1_133' title='bbox 318 1107 552 1140; x_wconf 81' lang='lat' dir='ltr'><strong>tegumentumque</strong></span> <span class='ocrx_word' id='word_1_134' title='bbox 580 1113 725 1139; x_wconf 76' lang='lat' dir='ltr'><strong>procurare,</strong></span> <span class='ocrx_word' id='word_1_135' title='bbox 753 1105 818 1132; x_wconf 87' lang='lat' dir='ltr'><strong>nihil</strong></span> <span class='ocrx_word' id='word_1_136' title='bbox 844 1105 924 1132; x_wconf 81' lang='lat' dir='ltr'><strong>etiam</strong></span> <span class='ocrx_word' id='word_1_137' title='bbox 948 1106 1081 1140; x_wconf 78' lang='lat' dir='ltr'><strong>reponatis</strong></span> <span class='ocrx_word' id='word_1_138' title='bbox 1109 1106 1134 1133; x_wconf 88' lang='lat' dir='ltr'><strong>in</strong></span> 
     </span>
     <span class='ocr_line' id='line_1_18' title="bbox 192 1148 1135 1183; baseline 0.001 -7"><span class='ocrx_word' id='word_1_139' title='bbox 192 1150 343 1181; x_wconf 80' lang='lat' dir='ltr'><strong>crastinum,</strong></span> <span class='ocrx_word' id='word_1_140' title='bbox 375 1149 446 1176; x_wconf 86' lang='lat' dir='ltr'><strong>sicut</strong></span> <span class='ocrx_word' id='word_1_141' title='bbox 479 1148 543 1175; x_wconf 87' lang='lat' dir='ltr'><strong>nihil</strong></span> <span class='ocrx_word' id='word_1_142' title='bbox 577 1150 706 1183; x_wconf 84' lang='lat' dir='ltr'><strong>reponunt</strong></span> <span class='ocrx_word' id='word_1_143' title='bbox 739 1149 858 1176; x_wconf 78' lang='lat' dir='ltr'><strong>uolatilie</strong></span> <span class='ocrx_word' id='word_1_144' title='bbox 887 1149 961 1177; x_wconf 77' lang='lat' dir='ltr'><strong>caeli.</strong></span> <span class='ocrx_word' id='word_1_145' title='bbox 992 1149 1016 1177; x_wconf 88' lang='lat' dir='ltr'><strong>si</strong></span> <span class='ocrx_word' id='word_1_146' title='bbox 1046 1151 1135 1177; x_wconf 74' lang='lat' dir='ltr'><strong>eutem</strong></span> 
     </span>
     <span class='ocr_line' id='line_1_19' title="bbox 192 1193 1135 1229; baseline 0.002 -10"><span class='ocrx_word' id='word_1_147' title='bbox 192 1193 291 1227; x_wconf 88' lang='lat' dir='ltr'><strong>aliquid</strong></span> <span class='ocrx_word' id='word_1_148' title='bbox 309 1200 432 1227; x_wconf 80' lang='lat' dir='ltr'><strong>reponere</strong></span> <span class='ocrx_word' id='word_1_149' title='bbox 451 1193 478 1219; x_wconf 92' lang='lat' dir='ltr'><strong>in</strong></span> <span class='ocrx_word' id='word_1_150' title='bbox 498 1193 640 1219; x_wconf 79' lang='lat' dir='ltr'><strong>erastinum</strong></span> <span class='ocrx_word' id='word_1_151' title='bbox 659 1194 748 1227; x_wconf 84' lang='lat' dir='ltr'><strong>potest</strong></span> <span class='ocrx_word' id='word_1_152' title='bbox 766 1201 817 1220; x_wconf 92' lang='lat' dir='ltr'><strong>non</strong></span> <span class='ocrx_word' id='word_1_153' title='bbox 836 1201 896 1221; x_wconf 91' lang='lat' dir='ltr'><strong>esse</strong></span> <span class='ocrx_word' id='word_1_154' title='bbox 914 1195 1006 1221; x_wconf 80' lang='lat' dir='ltr'><strong>eontra</strong></span> <span class='ocrx_word' id='word_1_155' title='bbox 1024 1201 1135 1229; x_wconf 77' lang='lat' dir='ltr'><strong>euange-</strong></span> 
     </span>
     <span class='ocr_line' id='line_1_20' title="bbox 191 1236 1134 1272; baseline 0 -8"><span class='ocrx_word' id='word_1_156' title='bbox 191 1238 266 1270; x_wconf 85' lang='lat' dir='ltr'><strong>lium,</strong></span> <span class='ocrx_word' id='word_1_157' title='bbox 287 1237 333 1263; x_wconf 93' lang='lat' dir='ltr'><strong>ubi</strong></span> <span class='ocrx_word' id='word_1_158' title='bbox 352 1237 451 1263; x_wconf 85' lang='lat' dir='ltr'><strong>dietum</strong></span> <span class='ocrx_word' id='word_1_159' title='bbox 471 1238 524 1263; x_wconf 83' lang='lat' dir='ltr'><strong>est:</strong></span> <span class='ocrx_word' id='word_1_160' title='bbox 552 1236 704 1271; x_wconf 78' lang='lat' dir='ltr'><strong>respicite</strong></span> <span class='ocrx_word' id='word_1_161' title='bbox 723 1236 871 1264; x_wconf 77' lang='lat' dir='ltr'><strong>uoletilia</strong></span> <span class='ocrx_word' id='word_1_162' title='bbox 889 1237 977 1269; x_wconf 79' lang='lat' dir='ltr'><strong>caeli,</strong></span> <span class='ocrx_word' id='word_1_163' title='bbox 997 1237 1071 1272; x_wconf 72' lang='lat' dir='ltr'><strong>quie</strong></span> <span class='ocrx_word' id='word_1_164' title='bbox 1086 1245 1134 1264; x_wconf 88' lang='lat' dir='ltr'><strong>ne-</strong></span> 
     </span>
     <span class='ocr_line' id='line_1_21' title="bbox 192 1281 1167 1316; baseline 0.001 -9"><span class='ocrx_word' id='word_1_165' title='bbox 192 1290 250 1315; x_wconf 88' lang='lat' dir='ltr'><strong>que</strong></span> <span class='ocrx_word' id='word_1_166' title='bbox 269 1281 424 1308; x_wconf 77' lang='lat' dir='ltr'><strong>seminant</strong></span> <span class='ocrx_word' id='word_1_167' title='bbox 442 1288 540 1314; x_wconf 89' lang='lat' dir='ltr'><strong>neque</strong></span> <span class='ocrx_word' id='word_1_168' title='bbox 559 1281 681 1307; x_wconf 88' lang='lat' dir='ltr'><strong>metunt</strong></span> <span class='ocrx_word' id='word_1_169' title='bbox 699 1288 797 1315; x_wconf 89' lang='lat' dir='ltr'><strong>neque</strong></span> <span class='ocrx_word' id='word_1_170' title='bbox 813 1283 1006 1316; x_wconf 71' lang='lat' dir='ltr'><strong>congregant</strong></span> <span class='ocrx_word' id='word_1_171' title='bbox 1020 1281 1050 1308; x_wconf 90' lang='lat' dir='ltr'><strong>in</strong></span> <span class='ocrx_word' id='word_1_172' title='bbox 1066 1289 1134 1316; x_wconf 74' lang='lat' dir='ltr'><strong>epo·</strong></span> <span class='ocrx_word' id='word_1_173' title='bbox 1146 1289 1167 1307; x_wconf 76' lang='grc' dir='ltr'><strong>ιο</strong></span> 
     </span>
     <span class='ocr_line' id='line_1_22' title="bbox 191 1325 1135 1360; baseline 0 -8"><span class='ocrx_word' id='word_1_174' title='bbox 191 1325 308 1358; x_wconf 80' lang='lat' dir='ltr'><strong>thecas,</strong></span> <span class='ocrx_word' id='word_1_175' title='bbox 326 1326 415 1359; x_wconf 87' lang='lat' dir='ltr'><strong>potest</strong></span> <span class='ocrx_word' id='word_1_176' title='bbox 434 1325 513 1351; x_wconf 82' lang='lat' dir='ltr'><strong>etiem</strong></span> <span class='ocrx_word' id='word_1_177' title='bbox 532 1332 583 1351; x_wconf 90' lang='lat' dir='ltr'><strong>non</strong></span> <span class='ocrx_word' id='word_1_178' title='bbox 602 1332 660 1351; x_wconf 89' lang='lat' dir='ltr'><strong>esse</strong></span> <span class='ocrx_word' id='word_1_179' title='bbox 680 1325 770 1352; x_wconf 78' lang='lat' dir='ltr'><strong>contra</strong></span> <span class='ocrx_word' id='word_1_180' title='bbox 788 1325 954 1360; x_wconf 83' lang='lat' dir='ltr'><strong>euangelium</strong></span> <span class='ocrx_word' id='word_1_181' title='bbox 973 1332 1022 1352; x_wconf 83' lang='lat' dir='ltr'><strong>nec</strong></span> <span class='ocrx_word' id='word_1_182' title='bbox 1043 1326 1135 1353; x_wconf 69' lang='lat' dir='ltr'><strong>eontra</strong></span> 
     </span>
     <span class='ocr_line' id='line_1_23' title="bbox 192 1368 1133 1404; baseline 0.001 -9"><span class='ocrx_word' id='word_1_183' title='bbox 192 1369 389 1396; x_wconf 88' lang='lat' dir='ltr'><strong>similitudinem</strong></span> <span class='ocrx_word' id='word_1_184' title='bbox 416 1368 566 1395; x_wconf 82' lang='lat' dir='ltr'><strong>uolatilium</strong></span> <span class='ocrx_word' id='word_1_185' title='bbox 593 1368 658 1395; x_wconf 81' lang='lat' dir='ltr'><strong>caeli</strong></span> <span class='ocrx_word' id='word_1_186' title='bbox 685 1368 768 1396; x_wconf 80' lang='lat' dir='ltr'><strong>uitam</strong></span> <span class='ocrx_word' id='word_1_187' title='bbox 791 1369 869 1396; x_wconf 76' lang='lat' dir='ltr'><strong>istam</strong></span> <span class='ocrx_word' id='word_1_188' title='bbox 889 1369 973 1396; x_wconf 79' lang='lat' dir='ltr'><strong>cernis</strong></span> <span class='ocrx_word' id='word_1_189' title='bbox 992 1369 1133 1404; x_wconf 74' lang='lat' dir='ltr'><strong>corporalis</strong></span> 
     </span>
     <span class='ocr_line' id='line_1_24' title="bbox 192 1413 626 1447; baseline -0.002 -7"><span class='ocrx_word' id='word_1_190' title='bbox 192 1413 349 1447; x_wconf 77' lang='lat' dir='ltr'><strong>operationis</strong></span> <span class='ocrx_word' id='word_1_191' title='bbox 367 1413 455 1440; x_wconf 79' lang='lat' dir='ltr'><strong>labore</strong></span> <span class='ocrx_word' id='word_1_192' title='bbox 475 1413 626 1447; x_wconf 80' lang='lat' dir='ltr'><strong>transigere.</strong></span> 
     </span>
    </p>

    <p class='ocr_par' dir='ltr' id='par_1_4' title="bbox 191 1456 1162 1536">
     <span class='ocr_line' id='line_1_25' title="bbox 228 1456 1132 1492; baseline 0.001 -9"><span class='ocrx_word' id='word_1_193' title='bbox 228 1457 338 1484; x_wconf 84' lang='lat' dir='ltr'>XXIIII.</span> <span class='ocrx_word' id='word_1_194' title='bbox 369 1457 411 1484; x_wconf 88' lang='lat'><strong>31.</strong></span> <span class='ocrx_word' id='word_1_195' title='bbox 441 1456 470 1484; x_wconf 86' lang='lat' dir='ltr'><strong>Si</strong></span> <span class='ocrx_word' id='word_1_196' title='bbox 500 1456 570 1483; x_wconf 88' lang='lat' dir='ltr'><strong>enim</strong></span> <span class='ocrx_word' id='word_1_197' title='bbox 600 1457 741 1492; x_wconf 82' lang='lat' dir='ltr'><strong>urgeantur</strong></span> <span class='ocrx_word' id='word_1_198' title='bbox 771 1464 801 1483; x_wconf 85' lang='lat' dir='ltr'><strong>ex</strong></span> <span class='ocrx_word' id='word_1_199' title='bbox 831 1457 977 1492; x_wconf 69' lang='lat' dir='ltr'><strong>euangelio,</strong></span> <span class='ocrx_word' id='word_1_200' title='bbox 1007 1459 1039 1484; x_wconf 89' lang='lat' dir='ltr'><strong>ut</strong></span> <span class='ocrx_word' id='word_1_201' title='bbox 1069 1458 1132 1485; x_wconf 89' lang='lat' dir='ltr'><strong>nihil</strong></span> 
     </span>
     <span class='ocr_line' id='line_1_26' title="bbox 191 1500 1162 1536; baseline -0.001 -8"><span class='ocrx_word' id='word_1_202' title='bbox 191 1502 319 1535; x_wconf 78' lang='lat' dir='ltr'><strong>reponant</strong></span> <span class='ocrx_word' id='word_1_203' title='bbox 339 1501 365 1527; x_wconf 90' lang='lat' dir='ltr'><strong>in</strong></span> <span class='ocrx_word' id='word_1_204' title='bbox 389 1500 541 1533; x_wconf 77' lang='lat' dir='ltr'><strong>crastinum,</strong></span> <span class='ocrx_word' id='word_1_205' title='bbox 565 1500 711 1527; x_wconf 86' lang='lat' dir='ltr'><strong>rectissime</strong></span> <span class='ocrx_word' id='word_1_206' title='bbox 735 1501 904 1535; x_wconf 76' lang='lat' dir='ltr'><strong>respondent:</strong></span> <span class='ocrx_word' id='word_1_207' title='bbox 930 1508 977 1528; x_wconf 87' lang='lat' dir='ltr'><strong>cur</strong></span> <span class='ocrx_word' id='word_1_208' title='bbox 995 1509 1057 1536; x_wconf 81' lang='lat' dir='ltr'><strong>ergo</strong></span> <span class='ocrx_word' id='word_1_209' title='bbox 1077 1501 1162 1536; x_wconf 75' lang='lat' dir='ltr'><strong>ipse·</strong></span> 
     </span>
    </p>
   </div>
   <div class='ocr_carea' id='block_1_3' title="bbox 193 1593 1132 1657">
    <p class='ocr_par' dir='ltr' id='par_1_5' title="bbox 193 1593 1132 1657">
     <span class='ocr_line' id='line_1_27' title="bbox 265 1593 1132 1621; baseline 0.002 -5"><span class='ocrx_word' id='word_1_210' title='bbox 265 1595 278 1617; x_wconf 88' lang='lat'>6</span> <span class='ocrx_word' id='word_1_211' title='bbox 294 1593 376 1616; x_wconf 71' lang='lat' dir='ltr'><strong>Matth.</strong></span> <span class='ocrx_word' id='word_1_212' title='bbox 392 1594 414 1621; x_wconf 75' lang='lat'><strong>6,</strong></span> <span class='ocrx_word' id='word_1_213' title='bbox 428 1594 457 1616; x_wconf 73' lang='lat'><strong>34</strong></span> <span class='ocrx_word' id='word_1_214' title='bbox 518 1594 545 1616; x_wconf 84' lang='lat'><strong>13</strong></span> <span class='ocrx_word' id='word_1_215' title='bbox 561 1593 587 1615; x_wconf 78' lang='lat' dir='ltr'><strong>cf.</strong></span> <span class='ocrx_word' id='word_1_216' title='bbox 604 1593 667 1616; x_wconf 68' lang='lat' dir='ltr'><strong>Ram.</strong></span> <span class='ocrx_word' id='word_1_217' title='bbox 684 1594 704 1620; x_wconf 85' lang='lat'><strong>1,</strong></span> <span class='ocrx_word' id='word_1_218' title='bbox 721 1594 732 1615; x_wconf 97' lang='grc'>1</span> <span class='ocrx_word' id='word_1_219' title='bbox 794 1594 822 1616; x_wconf 90' lang='grc'><strong>19</strong></span> <span class='ocrx_word' id='word_1_220' title='bbox 837 1593 918 1616; x_wconf 63' lang='lat' dir='ltr'><strong>unuh.</strong></span> <span class='ocrx_word' id='word_1_221' title='bbox 935 1594 956 1621; x_wconf 77' lang='grc'><strong>8,</strong></span> <span class='ocrx_word' id='word_1_222' title='bbox 971 1594 1001 1616; x_wconf 77' lang='lat'><strong>26</strong></span> <span class='ocrx_word' id='word_1_223' title='bbox 1060 1595 1090 1618; x_wconf 78' lang='lat'><strong>25</strong></span> <span class='ocrx_word' id='word_1_224' title='bbox 1105 1594 1132 1618; x_wconf 75' lang='lat' dir='ltr'><strong>cf.</strong></span> 
     </span>
     <span class='ocr_line' id='line_1_28' title="bbox 193 1630 321 1657; baseline 0.008 -5"><span class='ocrx_word' id='word_1_225' title='bbox 193 1630 241 1653; x_wconf 89' lang='lat' dir='ltr'><strong>Ioh.</strong></span> <span class='ocrx_word' id='word_1_226' title='bbox 258 1631 292 1657; x_wconf 85' lang='lat'><strong>12,</strong></span> <span class='ocrx_word' id='word_1_227' title='bbox 308 1631 321 1653; x_wconf 81' lang='lat'>6</span> 
     </span>
    </p>
   </div>
   <div class='ocr_carea' id='block_1_4' title="bbox 192 1681 1135 2004">
    <p class='ocr_par' dir='ltr' id='par_1_6' title="bbox 192 1681 1135 2004">
     <span class='ocr_line' id='line_1_29' title="bbox 219 1681 1132 1713; baseline 0.003 -10"><span class='ocrx_word' id='word_1_228' title='bbox 219 1682 233 1704; x_wconf 79' lang='lat'><strong>1</strong></span> <span class='ocrx_word' id='word_1_229' title='bbox 251 1684 401 1711; x_wconf 73' lang='lat' dir='ltr'><strong>proponantur</strong></span> <span class='ocrx_word' id='word_1_230' title='bbox 412 1682 434 1703; x_wconf 88' lang='lat' dir='ltr'><em>B</em></span> <span class='ocrx_word' id='word_1_231' title='bbox 449 1684 588 1711; x_wconf 72' lang='lat' dir='ltr'><strong>praeponant</strong></span> <span class='ocrx_word' id='word_1_232' title='bbox 598 1682 624 1704; x_wconf 88' lang='lat' dir='ltr'><strong><em>N</em></strong></span> <span class='ocrx_word' id='word_1_233' title='bbox 667 1689 711 1704; x_wconf 91' lang='lat' dir='ltr'><strong>non</strong></span> <span class='ocrx_word' id='word_1_234' title='bbox 726 1682 767 1704; x_wconf 75' lang='lat' dir='ltr'><strong>alt.</strong></span> <span class='ocrx_word' id='word_1_235' title='bbox 779 1689 821 1705; x_wconf 73' lang='lat' dir='ltr'><strong>om.</strong></span> <span class='ocrx_word' id='word_1_236' title='bbox 833 1681 864 1704; x_wconf 75' lang='lat' dir='ltr'><strong><em>M</em></strong></span> <span class='ocrx_word' id='word_1_237' title='bbox 905 1682 1088 1711; x_wconf 79' lang='lat' dir='ltr'><strong>reprehendendo</strong></span> <span class='ocrx_word' id='word_1_238' title='bbox 1098 1682 1132 1713; x_wconf 60' lang='lat'><strong>37</strong></span> 
     </span>
     <span class='ocr_line' id='line_1_30' title="bbox 192 1718 1133 1748; baseline 0.002 -7"><span class='ocrx_word' id='word_1_239' title='bbox 192 1718 365 1748; x_wconf 71' lang='lat' dir='ltr'><strong>reprehenoudo</strong></span> <span class='ocrx_word' id='word_1_240' title='bbox 388 1719 413 1741; x_wconf 90' lang='lat' dir='ltr'><em>D</em></span> <span class='ocrx_word' id='word_1_241' title='bbox 434 1718 616 1747; x_wconf 77' lang='lat' dir='ltr'><strong>reprehendendo</strong></span> <span class='ocrx_word' id='word_1_242' title='bbox 639 1719 669 1741; x_wconf 82' lang='lat' dir='ltr'><strong><em>M</em></strong></span> <span class='ocrx_word' id='word_1_243' title='bbox 689 1718 854 1748; x_wconf 81' lang='lat' dir='ltr'><strong>reprehendens</strong></span> <span class='ocrx_word' id='word_1_244' title='bbox 874 1720 897 1741; x_wconf 98' lang='lat' dir='ltr'><strong><em>A</em></strong></span> <span class='ocrx_word' id='word_1_245' title='bbox 985 1718 1025 1742; x_wconf 84' lang='lat' dir='ltr'><strong>sed</strong></span> <span class='ocrx_word' id='word_1_246' title='bbox 1047 1726 1090 1743; x_wconf 68' lang='lat' dir='ltr'><strong>ono.</strong></span> <span class='ocrx_word' id='word_1_247' title='bbox 1111 1720 1133 1742; x_wconf 89' lang='lat' dir='ltr'><strong><em>A</em></strong></span> 
     </span>
     <span class='ocr_line' id='line_1_31' title="bbox 192 1755 1134 1785; baseline 0.002 -8"><span class='ocrx_word' id='word_1_248' title='bbox 192 1756 206 1778; x_wconf 86' lang='lat'>3</span> <span class='ocrx_word' id='word_1_249' title='bbox 218 1756 320 1784; x_wconf 75' lang='lat' dir='ltr'><strong>istorum]</strong></span> <span class='ocrx_word' id='word_1_250' title='bbox 331 1755 448 1777; x_wconf 71' lang='lat' dir='ltr'><strong>historiam</strong></span> <span class='ocrx_word' id='word_1_251' title='bbox 455 1755 478 1777; x_wconf 92' lang='lat' dir='ltr'><strong><em>P</em></strong></span> <span class='ocrx_word' id='word_1_252' title='bbox 487 1755 583 1778; x_wconf 71' lang='lat' dir='ltr'><strong>historie.</strong></span> <span class='ocrx_word' id='word_1_253' title='bbox 595 1758 606 1777; x_wconf 72' lang='lat' dir='ltr'><strong>e</strong></span> <span class='ocrx_word' id='word_1_254' title='bbox 617 1762 630 1784; x_wconf 78' lang='grc' dir='ltr'><strong>τ</strong></span> <span class='ocrx_word' id='word_1_255' title='bbox 641 1755 735 1785; x_wconf 71' lang='lat' dir='ltr'><strong>historie</strong></span> <span class='ocrx_word' id='word_1_256' title='bbox 746 1755 771 1778; x_wconf 88' lang='lat' dir='ltr'><em>D</em></span> <span class='ocrx_word' id='word_1_257' title='bbox 781 1755 891 1778; x_wconf 84' lang='lat' dir='ltr'><strong>historum</strong></span> <span class='ocrx_word' id='word_1_258' title='bbox 899 1755 953 1779; x_wconf 83' lang='lat' dir='ltr'><strong>L¹0</strong></span> <span class='ocrx_word' id='word_1_259' title='bbox 962 1755 1095 1779; x_wconf 71' lang='lat' dir='ltr'><strong>historicum</strong></span> <span class='ocrx_word' id='word_1_260' title='bbox 1103 1756 1134 1779; x_wconf 82' lang='lat' dir='ltr'><strong>L²</strong></span> 
     </span>
     <span class='ocr_line' id='line_1_32' title="bbox 192 1791 1134 1821; baseline 0.002 -7"><span class='ocrx_word' id='word_1_261' title='bbox 192 1793 206 1814; x_wconf 82' lang='lat'>4</span> <span class='ocrx_word' id='word_1_262' title='bbox 222 1792 259 1821; x_wconf 82' lang='lat' dir='ltr'><strong>eo]</strong></span> <span class='ocrx_word' id='word_1_263' title='bbox 274 1793 338 1814; x_wconf 61' lang='lat' dir='ltr'><strong>tento</strong></span> <span class='ocrx_word' id='word_1_264' title='bbox 355 1791 441 1821; x_wconf 68' lang='lat' dir='ltr'><em>PDM7</em></span> <span class='ocrx_word' id='word_1_265' title='bbox 494 1792 506 1813; x_wconf 89' lang='grc'>7</span> <span class='ocrx_word' id='word_1_266' title='bbox 523 1799 575 1821; x_wconf 80' lang='lat' dir='ltr'><strong>ergo</strong></span> <span class='ocrx_word' id='word_1_267' title='bbox 591 1799 634 1814; x_wconf 80' lang='lat' dir='ltr'><strong>om.</strong></span> <span class='ocrx_word' id='word_1_268' title='bbox 649 1792 675 1814; x_wconf 87' lang='lat' dir='ltr'><strong><em>N</em></strong></span> <span class='ocrx_word' id='word_1_269' title='bbox 731 1792 765 1821; x_wconf 88' lang='lat' dir='ltr'><strong>in]</strong></span> <span class='ocrx_word' id='word_1_270' title='bbox 781 1792 809 1815; x_wconf 86' lang='lat' dir='ltr'><strong>de</strong></span> <span class='ocrx_word' id='word_1_271' title='bbox 824 1792 850 1815; x_wconf 91' lang='lat' dir='ltr'><em>D</em></span> <span class='ocrx_word' id='word_1_272' title='bbox 902 1792 916 1815; x_wconf 88' lang='lat'>8</span> <span class='ocrx_word' id='word_1_273' title='bbox 932 1793 1045 1821; x_wconf 70' lang='lat' dir='ltr'><strong>euangelii</strong></span> <span class='ocrx_word' id='word_1_274' title='bbox 1059 1793 1134 1816; x_wconf 74' lang='lat' dir='ltr'><strong>PBM</strong></span> 
     </span>
     <span class='ocr_line' id='line_1_33' title="bbox 193 1828 1133 1857; baseline 0.003 -7"><span class='ocrx_word' id='word_1_275' title='bbox 193 1828 296 1857; x_wconf 74' lang='lat' dir='ltr'><strong>unngelio</strong></span> <span class='ocrx_word' id='word_1_276' title='bbox 312 1829 334 1850; x_wconf 88' lang='lat' dir='ltr'><strong><em>A</em></strong></span> <span class='ocrx_word' id='word_1_277' title='bbox 380 1828 407 1850; x_wconf 89' lang='grc'><strong>10</strong></span> <span class='ocrx_word' id='word_1_278' title='bbox 422 1828 524 1857; x_wconf 78' lang='lat' dir='ltr'><strong>cogitant</strong></span> <span class='ocrx_word' id='word_1_279' title='bbox 538 1828 561 1851; x_wconf 87' lang='lat' dir='ltr'><em>B</em></span> <span class='ocrx_word' id='word_1_280' title='bbox 607 1829 634 1851; x_wconf 83' lang='lat'><strong>12</strong></span> <span class='ocrx_word' id='word_1_281' title='bbox 650 1828 736 1851; x_wconf 69' lang='lat' dir='ltr'><strong>fuciunt</strong></span> <span class='ocrx_word' id='word_1_282' title='bbox 750 1829 773 1851; x_wconf 83' lang='grc' dir='ltr'><strong><em>Δ</em></strong></span> <span class='ocrx_word' id='word_1_283' title='bbox 832 1829 969 1852; x_wconf 67' lang='lat' dir='ltr'><strong>concordant</strong></span> <span class='ocrx_word' id='word_1_284' title='bbox 982 1830 1006 1852; x_wconf 84' lang='grc' dir='ltr'><strong>Δ.</strong></span> <span class='ocrx_word' id='word_1_285' title='bbox 1048 1830 1075 1852; x_wconf 80' lang='lat'><strong>18</strong></span> <span class='ocrx_word' id='word_1_286' title='bbox 1087 1837 1133 1853; x_wconf 86' lang='lat' dir='ltr'><strong>mo-</strong></span> 
     </span>
     <span class='ocr_line' id='line_1_34' title="bbox 192 1864 1133 1897; baseline 0.002 -10"><span class='ocrx_word' id='word_1_287' title='bbox 192 1865 264 1894; x_wconf 82' lang='lat' dir='ltr'><strong>neret]</strong></span> <span class='ocrx_word' id='word_1_288' title='bbox 282 1866 305 1887; x_wconf 87' lang='lat' dir='ltr'><strong>et</strong></span> <span class='ocrx_word' id='word_1_289' title='bbox 320 1872 364 1887; x_wconf 88' lang='lat' dir='ltr'><strong>nou</strong></span> <span class='ocrx_word' id='word_1_290' title='bbox 379 1864 480 1887; x_wconf 66' lang='lat' dir='ltr'><strong>monetet</strong></span> <span class='ocrx_word' id='word_1_291' title='bbox 490 1865 524 1894; x_wconf 79' lang='grc' dir='ltr'><strong>Ργ</strong></span> <span class='ocrx_word' id='word_1_292' title='bbox 557 1865 582 1887; x_wconf 88' lang='grc'><strong>17</strong></span> <span class='ocrx_word' id='word_1_293' title='bbox 599 1866 709 1894; x_wconf 68' lang='lat' dir='ltr'><strong>reponant</strong></span> <span class='ocrx_word' id='word_1_294' title='bbox 719 1865 744 1887; x_wconf 91' lang='lat' dir='ltr'><em>D</em></span> <span class='ocrx_word' id='word_1_295' title='bbox 775 1865 802 1888; x_wconf 88' lang='lat'><strong>18</strong></span> <span class='ocrx_word' id='word_1_296' title='bbox 813 1865 836 1888; x_wconf 88' lang='lat' dir='ltr'><strong>in</strong></span> <span class='ocrx_word' id='word_1_297' title='bbox 848 1865 967 1889; x_wconf 71' lang='lat' dir='ltr'><strong>erastinum</strong></span> <span class='ocrx_word' id='word_1_298' title='bbox 978 1873 1087 1895; x_wconf 78' lang='lat' dir='ltr'><strong>reponere</strong></span> <span class='ocrx_word' id='word_1_299' title='bbox 1097 1867 1133 1897; x_wconf 64' lang='lat' dir='ltr'><strong>NT</strong></span> 
     </span>
     <span class='ocr_line' id='line_1_35' title="bbox 192 1900 1135 1931; baseline 0.003 -9"><span class='ocrx_word' id='word_1_300' title='bbox 192 1907 298 1929; x_wconf 81' lang='lat' dir='ltr'><strong>reponere</strong></span> <span class='ocrx_word' id='word_1_301' title='bbox 313 1900 383 1923; x_wconf 89' lang='lat' dir='ltr'><strong>uultis</strong></span> <span class='ocrx_word' id='word_1_302' title='bbox 398 1901 428 1923; x_wconf 79' lang='lat' dir='ltr'><strong><em>M</em></strong></span> <span class='ocrx_word' id='word_1_303' title='bbox 515 1903 539 1924; x_wconf 85' lang='lat' dir='ltr'><strong>et</strong></span> <span class='ocrx_word' id='word_1_304' title='bbox 553 1903 630 1931; x_wconf 75' lang='lat' dir='ltr'><strong>petest</strong></span> <span class='ocrx_word' id='word_1_305' title='bbox 644 1902 674 1924; x_wconf 78' lang='lat' dir='ltr'><strong><em>M</em></strong></span> <span class='ocrx_word' id='word_1_306' title='bbox 761 1902 789 1924; x_wconf 82' lang='lat'><strong>19</strong></span> <span class='ocrx_word' id='word_1_307' title='bbox 804 1908 876 1931; x_wconf 83' lang='lat' dir='ltr'><strong>neque</strong></span> <span class='ocrx_word' id='word_1_308' title='bbox 895 1903 948 1931; x_wconf 82' lang='lat' dir='ltr'><strong>(que</strong></span> <span class='ocrx_word' id='word_1_309' title='bbox 962 1909 981 1925; x_wconf 72' lang='grc' dir='ltr'><strong>ε.</strong></span> <span class='ocrx_word' id='word_1_310' title='bbox 997 1903 1013 1925; x_wconf 89' lang='lat'><strong>1.</strong></span> <span class='ocrx_word' id='word_1_311' title='bbox 1027 1909 1057 1925; x_wconf 73' lang='lat' dir='ltr'><strong>m.</strong></span> <span class='ocrx_word' id='word_1_312' title='bbox 1073 1904 1099 1930; x_wconf 75' lang='lat'><strong>2)</strong></span> <span class='ocrx_word' id='word_1_313' title='bbox 1116 1902 1135 1925; x_wconf 84' lang='lat'><strong><em>0</em></strong></span> 
     </span>
     <span class='ocr_line' id='line_1_36' title="bbox 192 1937 1133 1968; baseline 0.003 -9"><span class='ocrx_word' id='word_1_314' title='bbox 192 1938 221 1960; x_wconf 84' lang='lat'><strong>20</strong></span> <span class='ocrx_word' id='word_1_315' title='bbox 236 1937 365 1967; x_wconf 67' lang='lat' dir='ltr'><strong>apothecas]</strong></span> <span class='ocrx_word' id='word_1_316' title='bbox 381 1938 466 1960; x_wconf 82' lang='lat' dir='ltr'><strong>horreis</strong></span> <span class='ocrx_word' id='word_1_317' title='bbox 482 1938 568 1968; x_wconf 60' lang='lat' dir='ltr'><em>PDMT</em></span> <span class='ocrx_word' id='word_1_318' title='bbox 641 1939 670 1961; x_wconf 85' lang='lat'><strong>22</strong></span> <span class='ocrx_word' id='word_1_319' title='bbox 686 1938 743 1961; x_wconf 65' lang='lat' dir='ltr'><strong>caeli</strong></span> <span class='ocrx_word' id='word_1_320' title='bbox 758 1945 801 1962; x_wconf 69' lang='lat' dir='ltr'><strong>on.</strong></span> <span class='ocrx_word' id='word_1_321' title='bbox 816 1938 878 1968; x_wconf 76' lang='grc' dir='ltr'><strong>ΡΜγ</strong></span> <span class='ocrx_word' id='word_1_322' title='bbox 951 1939 1001 1962; x_wconf 73' lang='lat' dir='ltr'><strong>uit·</strong></span> <span class='ocrx_word' id='word_1_323' title='bbox 1015 1940 1061 1962; x_wconf 62' lang='lat' dir='ltr'><strong>iste</strong></span> <span class='ocrx_word' id='word_1_324' title='bbox 1075 1939 1133 1968; x_wconf 69' lang='lat'><strong><em>1³1&gt;1</em></strong></span> 
     </span>
     <span class='ocr_line' id='line_1_37' title="bbox 192 1974 1102 2004; baseline 0.003 -8"><span class='ocrx_word' id='word_1_325' title='bbox 192 1974 221 1996; x_wconf 81' lang='lat'><strong>24</strong></span> <span class='ocrx_word' id='word_1_326' title='bbox 236 1976 374 2003; x_wconf 67' lang='lat' dir='ltr'><strong>urguentur</strong></span> <span class='ocrx_word' id='word_1_327' title='bbox 389 1975 410 1997; x_wconf 75' lang='lat' dir='ltr'><strong><em>A</em></strong></span> <span class='ocrx_word' id='word_1_328' title='bbox 455 1975 484 1997; x_wconf 80' lang='lat'><strong>25</strong></span> <span class='ocrx_word' id='word_1_329' title='bbox 499 1975 631 2004; x_wconf 80' lang='lat' dir='ltr'><strong>rectissime]</strong></span> <span class='ocrx_word' id='word_1_330' title='bbox 648 1975 772 1998; x_wconf 76' lang='lat' dir='ltr'><strong>certissime</strong></span> <span class='ocrx_word' id='word_1_331' title='bbox 786 1975 853 2003; x_wconf 56' lang='lat' dir='ltr'><strong>Dur</strong></span> <span class='ocrx_word' id='word_1_332' title='bbox 911 1975 1064 2004; x_wconf 73' lang='lat' dir='ltr'><strong>respondent</strong></span> <span class='ocrx_word' id='word_1_333' title='bbox 1078 1976 1102 1999; x_wconf 87' lang='lat' dir='ltr'><strong><em>A</em></strong></span> 
     </span>
    </p>
   </div>
  </div>
 </body>
</html>
