1355 2653
478 655 558 682 LOCI
577 655 665 682 ΗΒΕ.
683 654 1012 682 RETRACTATIONVM.

375 715 399 742 1.
424 714 469 741 De
494 714 563 741 fide
589 715 622 740 et
646 713 795 748 symbolo
822 722 891 750 pag.
917 714 961 746 30,
989 714 1022 741 16
1047 722 1115 748 sqq.

312 773 426 800 Retraet.
445 773 457 800 1
478 773 520 799 17.
543 773 573 799 In
596 773 645 799 hoc
664 773 730 800 libro
750 780 811 800 cum
830 772 861 799 de
879 772 1067 800 resurrectione
1086 774 1218 807 ageretur.

276 818 441 852 resurget,
475 816 590 851 inquam,
625 824 745 851 corpus
780 816 959 843 secundum
994 816 1217 844 christianam

276 861 385 893 fidem,
410 869 492 895 quae
516 861 638 888 fallere
661 869 722 888 non
746 861 868 895 potest
891 860 976 895 quod
999 860 1053 888 cui
1078 861 1221 888 uidetur

276 904 487 937 incredibile,
512 905 624 939 qualis
648 904 693 932 sit
715 913 800 931 nunc
822 912 897 931 caro
921 904 1084 937 adtendit,
1105 905 1218 940 qualis

277 950 388 976 autem
415 950 494 976 tunc
520 949 637 976 futura
660 949 714 981 sit,
738 957 798 976 non
822 949 1026 981 considerat.
1050 949 1129 983 quis
1153 949 1218 976 illo

277 995 427 1027 tempore
458 993 706 1021 immutationis
737 993 911 1028 angelicae
946 1001 1007 1020 non
1041 993 1105 1020 iarn
1141 1001 1218 1021 caro

278 1037 343 1064 erit
370 1039 402 1064 et
428 1037 575 1072 sanguis.
603 1038 659 1064 sed
685 1038 815 1064 tantum
843 1044 964 1071 corpus
992 1038 1019 1064 et
1040 1038 1128 1064 cetera
1151 1045 1219 1072 quse

277 1082 313 1109 ibi
341 1081 372 1108 de
399 1089 535 1116 corpomm
562 1082 724 1109 terrestrium
746 1082 773 1108 in
796 1089 903 1116 corpora
926 1081 1049 1109 caelestia
1072 1082 1219 1109 mutatione

279 1125 398 1157 disserui,
418 1126 540 1160 quoniam
560 1125 625 1152 dixit
643 1126 787 1160 apostolus,
804 1134 863 1153 cum
881 1125 941 1153 inde
960 1126 1123 1160 loqueretur:
1144 1134 1217 1154 caro

279 1172 312 1197 et
330 1170 469 1204 sanguis
488 1177 623 1205 regnum
643 1170 694 1197 dei
711 1177 771 1197 non
787 1170 1019 1204 possidebunt.
1036 1170 1082 1197 sed
1097 1162 1218 1206 quisquis

279 1223 308 1241 ea
332 1214 370 1241 sio
393 1214 497 1248 accipit,
516 1215 547 1241 ut
570 1214 700 1241 existimet
721 1214 759 1241 ita
781 1222 875 1248 corpus
893 1215 1033 1246 terrenum,
1053 1215 1132 1249 quale
1151 1223 1217 1242 nunc

279 1258 414 1290 habemus,
444 1258 472 1284 in
501 1266 595 1292 eorpus
624 1258 735 1285 caeleste
765 1258 952 1285 resurrectione
978 1258 1082 1290 mutari.
1109 1260 1142 1286 ut
1172 1267 1219 1286 nec

279 1302 395 1330 membra
416 1302 469 1329 ista
491 1310 538 1329 nec
561 1302 645 1329 carnis
668 1302 705 1329 sit
725 1302 814 1329 futura
837 1302 992 1335 substantia,
1018 1303 1111 1337 procul
1138 1303 1221 1330 dubio

280 1346 447 1382 corrigendus
478 1347 526 1378 est,
555 1346 727 1373 commonitus
758 1346 789 1373 de
819 1354 925 1381 corpore
952 1346 1057 1378 domini,
1085 1346 1132 1381 qui
1158 1349 1222 1382 post

280 1390 494 1417 resurrectionem
519 1390 545 1416 in
569 1390 666 1417 eisdem
691 1390 813 1417 membris
836 1398 886 1417 non
909 1390 995 1417 solum
1017 1391 1220 1425 conspiciendus

281 1434 373 1466 oculis,
396 1442 488 1461 uerum
511 1434 589 1461 etiam
612 1434 732 1461 manibus
754 1434 904 1461 tractandus
923 1434 1043 1469 apparuit
1062 1442 1221 1470 carnemque

281 1486 308 1505 se
325 1478 419 1505 habere
434 1478 513 1505 etism
525 1486 642 1505 sermone
654 1478 768 1505 firmauit
780 1478 879 1505 dicens:
896 1478 1031 1513 palpate
1047 1480 1080 1506 et
1094 1479 1217 1509 uidete,

281 1522 358 1556 quis
377 1522 523 1556 spiritus
547 1530 677 1548 carnem
701 1524 732 1549 et
754 1530 831 1550 ossa
849 1530 911 1549 non
930 1523 1039 1555 habet,
1059 1523 1154 1550 sicut
1170 1531 1220 1550 me

281 1565 408 1593 uidetis
435 1566 565 1593 habere.
591 1566 658 1593 unde
681 1567 784 1593 constat
807 1566 955 1601 apostolum
978 1575 1028 1593 non
1051 1567 1137 1594 camis
1157 1567 1221 1595 sub-

281 1610 403 1637 stantiam
423 1618 532 1644 negasse
551 1610 577 1636 in
597 1609 638 1636 dei
656 1618 735 1645 regno
754 1611 878 1643 futuram,
897 1610 944 1638 sed
963 1612 1009 1638 aut
1027 1611 1155 1643 homines,
1174 1612 1220 1646 qui

283 1653 425 1680 secundum
448 1662 548 1681 carnem
573 1654 675 1686 uiuunt.
696 1655 780 1681 carnis
800 1657 827 1681 et
846 1654 980 1690 sanguinis
998 1655 1102 1682 nomine
1122 1663 1221 1683 nuncu-

282 1705 357 1732 passe
377 1699 422 1724 aut
439 1698 523 1732 ipsam
543 1699 625 1725 carnis
645 1699 844 1733 corruptionem,
864 1707 931 1734 quae
953 1701 1015 1726 tunc
1034 1699 1127 1734 utique
1147 1694 1221 1727 nulls

282 1742 336 1769 erit.
360 1750 419 1769 nam
443 1750 501 1768 cum
529 1742 648 1769 dixisset:
676 1751 750 1770 caro
779 1745 811 1770 et
837 1744 976 1778 sanguis
1002 1751 1139 1779 regnum
1167 1743 1219 1771 dei

282 1794 341 1812 non
372 1786 604 1820 possidebunt,
631 1787 696 1814 bene
723 1787 884 1823 intellegitur
909 1789 1044 1822 tamqnam
1070 1788 1219 1822 exponendo

282 1830 344 1864 quid
364 1830 457 1857 dixerit
475 1831 597 1858 continuo
617 1832 778 1859 subdidisse:
797 1840 902 1867 neque
922 1832 1096 1867 corruptio
1115 1832 1219 1860 incor—

282 1874 470 1908 ruptionem
490 1875 690 1909 possidebit.
714 1875 745 1902 de
765 1882 816 1910 qus
834 1885 862 1903 re
881 1876 914 1903 ad
937 1876 1146 1911 persuadendum
1164 1877 1217 1904 infi-

283 1918 384 1944 delibus
414 1918 514 1945 difficili
545 1919 689 1954 diligenter,
720 1922 846 1954 quantum
875 1920 959 1955 potui,
988 1928 1030 1948 me
1065 1920 1218 1948 disseruisse

283 1963 401 1997 reperiet,
421 1963 540 1997 quisquis
561 1963 597 1990 de
616 1964 761 1991 ciuitate
780 1964 821 1992 dei
840 1965 935 2000 legerit
953 1965 1087 1992 uolumen.
