1355 2653
190 367 243 394 642
481 365 503 389 S.
526 364 638 387 Aureli
660 364 838 393 Augustini

190 446 286 479 nimus,
314 446 382 481 quod
412 454 472 473 cum
499 445 616 473 debitum
641 447 801 481 repeteretur
826 453 841 472 a
867 445 978 480 quodam
1008 445 1127 473 defuncti

189 491 271 525 patris
290 490 410 517 cautione
428 490 537 525 prolata,
554 490 622 524 quod
638 490 692 517 filio
707 490 838 517 nesciente
853 497 869 517 a
883 491 956 524 patre
970 490 1023 517 iam
1040 490 1127 517 fuerat

189 535 361 569 persolutum,
384 534 531 561 contristari
553 534 631 561 homo
655 533 809 569 grauissime
828 534 915 568 coepit
933 535 1011 568 atque
1028 534 1126 567 mirari,

190 578 260 613 quod
278 578 302 605 ei
320 579 394 613 pater
411 578 524 605 moriens
543 585 593 605 non
613 578 712 610 dixerit,
727 577 791 612 quid
810 577 924 610 deberet,
939 585 999 605 cum
1018 578 1128 606 fecisset

189 622 268 649 etiam
288 624 484 649 testamentum.
508 623 572 649 tunc
595 622 620 649 ei
638 622 716 649 nimis
735 621 809 649 anxio
828 621 949 657 adparuit
965 622 1035 649 idem
1053 624 1129 657 pater

191 666 247 694 eius
265 667 292 693 in
311 666 409 694 somnis
429 667 456 693 et
473 666 518 693 ubi
538 667 609 693 esset
626 667 770 699 recautum,
786 674 837 701 quo
851 666 899 693 illa
913 667 999 693 cautio
1015 668 1127 694 uacuata

190 710 283 744 fuerat,
308 710 443 738 indicauit.
470 717 521 744 quo
547 710 653 737 inuento
679 710 783 737 iuuenis
809 711 886 744 atque
907 711 1052 737 monstrato
1075 718 1125 737 non

191 755 277 782 solum
295 754 356 782 falsi
374 754 456 782 debiti
475 754 631 781 calumniam
648 754 820 789 propulsauit.
835 754 882 781 sed
896 754 974 781 etiam
989 755 1126 789 paternum

190 799 289 833 recepit
310 798 518 833 chirographum,
540 798 610 833 quod
631 799 705 833 pater
726 805 776 825 non
798 799 939 833 receperat,
962 798 1064 833 quando
1086 800 1128 826 est

191 842 302 878 pecunia
322 842 463 878 persoluta.
493 842 536 869 hic
557 842 649 876 utique
670 843 778 876 putatur
799 842 885 869 anima
905 842 1018 870 hominis
1038 850 1127 870 euram

191 886 307 922 gessisse
329 894 375 921 pro
397 885 452 913 filio
475 887 502 913 et
520 885 554 913 ad
572 893 632 913 eum
651 886 755 913 uenisse
774 885 952 918 dormientem,
971 887 1004 913 ut
1021 885 1127 919 docens,

192 930 262 966 quod
287 930 432 966 ignorabat,
458 938 553 966 magna
578 930 700 958 molestia
725 927 854 958 liberaret.
881 929 927 958 sed
952 930 1043 958 eodem
1068 931 1127 966 ipso

193 974 274 1002 ferme
294 976 419 1010 tempore,
443 982 497 1009 quo
517 974 544 1001 id
566 974 724 1006 audiuimus,
742 974 770 1001 id
788 976 830 1002 est
847 974 922 1002 nobis
941 974 1011 1009 apud
1028 974 1128 1002 Medio-

192 1019 278 1046 lanum
303 1018 454 1046 constitutis
477 1017 642 1053 Carthaginis
663 1018 753 1046 rhetor
773 1018 910 1054 Eulogius.
933 1018 978 1053 qui
999 1026 1074 1046 meus
1101 1019 1127 1046 in

193 1062 282 1089 eadem
309 1064 363 1090 arte
390 1062 534 1097 discipulus
557 1062 616 1094 fuit,
640 1062 710 1090 siout
731 1062 797 1090 mihi
817 1063 884 1097 ipse,
905 1065 1078 1097 posteaquam
1102 1063 1128 1090 in

191 1105 305 1133 Africam
327 1106 512 1138 remeauimus,
530 1106 629 1138 retulit,
649 1114 709 1133 cum
730 1106 874 1134 rhetoricos
894 1105 1024 1134 Ciceronis
1045 1107 1128 1134 libros

193 1150 329 1185 discipulis
352 1150 408 1177 suis
429 1150 550 1182 traderet,
573 1158 709 1178 recensens
731 1150 879 1182 lectionem,
902 1158 980 1185 quarn
1002 1151 1128 1185 postridie

192 1193 277 1221 fuerat
295 1194 446 1227 traditurus,
466 1194 594 1228 quendam
613 1194 701 1222 locum
721 1194 828 1222 offendit
846 1194 994 1227 obscurum,
1010 1203 1062 1229 quo
1077 1203 1127 1222 non

191 1237 326 1265 intellecto
349 1238 393 1264 uix
414 1237 502 1272 potuit
523 1238 636 1265 dormire
656 1238 794 1266 sollicitus.
824 1246 876 1273 qua
894 1239 970 1266 nocte
988 1238 1127 1267 somnianti

222 1316 235 1339 Β
251 1316 381 1346 grauissime
395 1316 461 1339 homo
473 1317 569 1346 coepitss
613 1317 687 1347 coepit
701 1317 831 1346 grauissime
842 1316 868 1340 E
908 1317 992 1346 mirari]
1009 1318 1090 1340 minari
1100 1317 1129 1340 M

191 1353 206 1375 4
221 1353 281 1382 quod
295 1353 388 1376 deberet
401 1353 454 1383 Euq
512 1355 525 1376 5
541 1354 562 1376 ei
577 1361 619 1376 om,
638 1353 869 1382 TRAEFMVYBQ
936 1354 1004 1377 nimia
1017 1361 1061 1377 om.
1075 1355 1128 1383 Ena

192 1389 269 1412 ancxio
287 1390 311 1413 Y
348 1390 362 1412 8
377 1390 426 1412 eiua
440 1397 482 1413 om.
502 1390 532 1419 VB
576 1392 651 1413 essent
670 1390 691 1413 V
732 1391 856 1420 recautum]
872 1392 999 1414 reuocatum
1014 1391 1128 1419 MAFB‘,

192 1426 227 1455 (s'n
240 1433 283 1455 no.
298 1433 326 1449 m.
343 1427 368 1455 2)
386 1426 407 1449 Τ
420 1428 535 1450 recautum
553 1427 574 1450 V
646 1427 706 1457 quod
724 1427 876 1456 TIZAB‘W
946 1434 1018 1450 uacua
1031 1428 1063 1451 Μ
1076 1435 1127 1451 eua-

192 1464 258 1485 cuata
272 1462 325 1493 Ειῳ
398 1464 411 1486 7
426 1463 495 1488 suerit
510 1462 570 1493 Ere
643 1464 658 1487 8
673 1464 725 1488 falsi
740 1464 811 1487 solum
826 1464 852 1487 E
915 1466 1032 1494 paternum
1048 1471 1091 1488 οηι.
1106 1464 1130 1488 F

192 1499 206 1522 9
225 1500 384 1529 cyrographum
402 1499 479 1523 NVY
495 1500 650 1529 cirographum
668 1500 777 1529 BHM*
794 1501 927 1530 cirografum
942 1500 995 1524 Fffl
1015 1501 1127 1531 chirogra-

192 1536 239 1558 fum
253 1536 291 1559 ΙΖ
304 1536 480 1566 chyrographum
496 1544 511 1566 φ
526 1537 695 1567 οὶιὶηςηρὶιιιιιι
711 1537 749 1559 w
820 1537 848 1560 10
862 1537 976 1567 persoluta
989 1539 1086 1567 pecunia
1100 1537 1128 1561 bd

192 1573 302 1602 pecunias
320 1573 434 1602 persoluta
456 1573 539 1601 (soluta
561 1573 592 1602 Y)
614 1574 646 1602 ΥΒ
729 1574 806 1603 itaque
827 1574 1129 1605 BTMKYEAFRVQ

192 1608 266 1631 anima
279 1608 378 1631 hominia
391 1610 483 1638 putatur
501 1609 524 1632 Y
579 1610 675 1632 animam
694 1610 715 1633 Τ
787 1610 813 1633 11
830 1617 869 1639 pro
884 1617 927 1633 om.
946 1611 965 1633 1?
1024 1611 1091 1634 filioli
1108 1612 1132 1635 Y

192 1644 316 1668 dormiente
335 1644 389 1668 ΥΡ
448 1646 475 1668 12
490 1652 504 1668 a
518 1653 600 1675 magna
613 1647 706 1669 ITVM
776 1654 880 1676 magnam
895 1656 910 1677 φ
981 1654 1064 1677 magna
1078 1655 1128 1671 euru

192 1681 327 1710 EFVBeoa
376 1682 502 1705 molestiam
517 1691 531 1712 φ
583 1683 715 1706 liberaretur
728 1684 782 1713 Euq
828 1685 897 1706 terme
912 1684 962 1713 ipso
976 1684 1002 1707 E
1046 1685 1072 1708 18
1085 1692 1129 1714 quo

193 1716 227 1748 id]
242 1718 301 1749 quod
315 1719 333 1741 Ι
410 1719 433 1741 id
448 1719 493 1748 est]
508 1719 532 1742 id
547 1719 569 1741 Δ
584 1720 639 1742 item
654 1720 685 1743 bd
698 1727 740 1743 om.
755 1720 835 1749 EFVp
911 1720 1068 1744 mediolanium
1083 1722 1130 1745 ΝΖ

195 1754 221 1777 14
233 1755 354 1784 cartaginis
362 1754 389 1777 K
399 1756 519 1785 cartagini·
530 1757 541 1784 β
580 1756 656 1779 rethor
663 1756 735 1779 ZKE
743 1758 803 1779 retor
809 1757 888 1780 MAY
927 1757 1003 1780 rhetor
1010 1758 1128 1788 Eulogius]

193 1791 315 1814 rhetoricus
331 1799 345 1820 φ
392 1792 419 1814 16
433 1792 481 1821 ipse
496 1793 549 1815 mihi
563 1792 721 1823 ΝΤῙᾘφΕαῃ
765 1794 819 1816 mihi
833 1801 875 1817 om.
892 1794 914 1816 Δ
957 1796 1037 1824 postea
1047 1795 1096 1824 ipae
1111 1795 1132 1816 V

195 1828 223 1851 18
238 1828 335 1851 affricam
350 1828 385 1857 (as
397 1828 451 1851 add.
465 1835 483 1852 c.
500 1829 514 1851 1.
529 1836 558 1852 m.
574 1831 598 1858 2)
617 1830 685 1859 Τ,Εβ
699 1830 769 1856 africa
786 1831 822 1861 Ῡφ
884 1832 973 1854 rettulit
986 1831 1034 1854 NP
1095 1839 1130 1854 re-

193 1865 291 1887 thoricos
305 1864 452 1888 BTKAEM
510 1867 537 1889 17
552 1867 646 1896 dispulis
665 1868 693 1890 Τι
759 1868 884 1897 posttriduo
899 1868 937 1891 ΙΖ
950 1870 1003 1898 poat
1016 1868 1092 1892 triduo
1108 1868 1133 1891 F

193 1903 246 1931 pont
264 1901 322 1924 diem
340 1901 497 1932 NEVflpEuy
514 1906 567 1932 post
584 1904 658 1927 tridue
676 1904 699 1927 A
716 1907 806 1934 postero
826 1902 862 1927 die
881 1905 908 1927 K
924 1906 977 1934 post
993 1905 1063 1929 tridie
1078 1906 1132 1928 ΒΜ

194 1939 305 1967 postremo
320 1938 354 1965 (in
367 1944 409 1967 my.
424 1938 494 1964 tridie,
505 1946 534 1962 as.
550 1940 611 1967 2)-T
648 1941 675 1964 18
690 1941 792 1970 offendit]
809 1941 908 1964 ostendit
922 1941 944 1964 V
981 1943 1007 1964 19
1023 1942 1097 1972 quad}
1112 1943 1132 1965 T

194 1975 318 1997 somniante
336 1974 403 1997 TAF

1143 852 1165 869 1⁰

1143 1072 1164 1090 1⁸
