1355 2653
199 366 253 392 650
492 364 514 386 S.
537 364 651 386 Aureli
673 363 855 393 Augustini

200 445 273 476 dixit,
293 444 351 471 ideo
375 443 439 478 quid
461 444 554 470 fratres
575 445 682 479 agerent
700 443 744 471 uel
763 443 826 478 quid
844 445 995 479 paterentur
1012 444 1059 472 illo
1079 446 1147 471 tem-

197 496 260 523 pore
284 488 382 516 sciuit?
406 488 444 514 ita
462 488 502 514 illi
521 487 573 514 fuit
591 495 654 515 cura
672 487 704 515 de
723 487 804 520 uinis,
820 487 942 522 quamuis
958 488 1021 523 quid
1037 490 1148 524 agerent

199 533 303 560 omnino
326 532 447 564 nesciret,
470 531 689 566 quemadmodum
713 533 755 559 est
778 532 854 559 uobis
881 539 943 559 cura
969 531 1001 559 de
1022 532 1146 563 mortuis,

199 576 320 611 quamuis
340 575 403 610 quid
422 577 502 611 agant
520 576 611 610 utique
630 575 788 604 nesciamus.
818 584 878 603 nam
898 576 921 603 si
940 575 1006 603 nihil
1025 575 1057 603 de
1075 584 1146 603 mor-

197 621 252 647 tuis
272 627 431 651 curaremus,
450 627 500 647 non
520 620 611 654 utique
630 628 676 655 pro
696 620 750 647 illis
770 619 818 647 deo
836 620 1052 655 supplicaremus.
1073 620 1147 647 deni·
1171 631 1183 648 ε

198 672 249 699 que
267 664 399 692 Abrabam
418 672 465 691 nec
480 664 605 691 Lazarum
625 664 700 691 misit
717 666 745 691 et
760 664 870 699 Moysen
890 672 921 691 ac
939 664 1080 699 prophetas
1099 664 1145 692 hic

198 716 242 735 eos
265 708 359 735 habere
382 708 525 742 respoudit,
549 716 614 742 quos
638 707 727 735 audire
751 708 882 741 deberent,
902 709 932 735 ut
954 708 987 735 ad
1010 708 1058 735 illa
1081 716 1144 743 sup-

198 752 278 788 plicia
299 760 349 779 non
372 752 499 779 uenirent.
529 751 575 779 ubi
598 760 689 779 rursus
712 752 834 785 occur-fit,
858 752 988 787 quomodo
1012 752 1076 787 quid
1098 752 1144 779 hic

198 798 320 831 ageretur
329 796 460 823 Abraham
475 797 549 831 pater
563 796 620 830 ipse
635 796 777 829 nesciebat,
790 796 836 823 ubi
851 796 952 824 sciebat
963 804 1021 824 esse
1032 796 1143 831 Moysen

198 842 225 868 ot
243 840 392 875 prophetas,
407 840 435 867 id
455 842 496 868 est
514 840 596 868 libros
616 848 715 873 eorum,
730 840 826 875 quibua
846 840 964 868 homines
980 840 1142 868 oboediendo
1158 851 1175 867 ιο

196 886 328 911 tormenta
345 884 445 911 inferna
463 884 602 916 euitarent,
626 884 672 911 ubi
691 884 802 919 denique
817 886 927 912 nouerat
941 884 1051 913 diuitem
1065 885 1141 913 illum

196 928 223 956 in
243 928 354 961 deliciis,
369 936 511 963 pauperem
530 936 592 956 uero
611 929 737 955 Lazarum
756 929 782 956 in
801 929 936 956 laboribus
955 929 1142 964 doloribusque

197 973 304 1000 uixisse.
324 981 384 1000 nam
403 974 431 1000 et
448 973 499 1000 hoc
517 972 556 999 illi
577 973 626 1000 ait:
653 975 825 1006 memento,
847 974 912 1006 fili,
932 974 1011 1008 quia
1031 982 1140 1008 perce-

197 1017 281 1052 pisti
300 1016 385 1044 bona
402 1017 434 1043 in
454 1017 527 1043 uita
545 1018 611 1048 tna.
630 1017 777 1043 Lazarus
796 1019 907 1044 autem
926 1017 1020 1044 mala.
1041 1017 1141 1045 sciebat

196 1068 257 1096 ergo
281 1060 354 1094 baec,
374 1068 440 1095 quae
463 1061 555 1095 utique
574 1060 645 1095 apud
663 1060 750 1093 uiuos,
769 1069 819 1088 non
838 1061 909 1096 apud
927 1062 1046 1088 mortuos
1067 1063 1168 1096 gestan

196 1105 308 1132 fuerant.
334 1112 426 1132 uerum
449 1112 500 1131 non
523 1112 583 1131 cum
603 1106 741 1140 agerentur
759 1105 785 1131 in
804 1105 884 1137 uiuis,
904 1105 952 1133 sed
970 1105 1008 1133 eis
1027 1105 1138 1133 mortuis

194 1149 283 1184 potuit
304 1148 400 1175 Lazaro
423 1148 554 1176 indicante
577 1156 743 1184 cognoscere,
766 1156 798 1176 ne
824 1149 921 1176 falsum
944 1149 988 1182 sit,
1011 1149 1083 1184 quod
1104 1150 1139 1177 ait

194 1193 334 1227 propheta:
353 1192 516 1220 Abraham
535 1193 688 1220 nesciuit
705 1200 771 1221 nos.

230 1237 286 1264 XV.
308 1237 350 1265 18.
370 1236 482 1264 Proinde
497 1236 632 1264 fatendum
648 1238 690 1264 est
704 1237 804 1264 nescire
819 1236 926 1272 quidem
941 1239 1061 1265 mortuos
1077 1233 1136 1273 quid

194 1281 237 1308 hic
260 1282 362 1316 agatur,
385 1281 431 1308 sed
455 1280 517 1307 dum
540 1281 583 1308 bic
606 1281 701 1316 agitur,
724 1283 816 1316 postea
839 1289 901 1309 uero
924 1281 1014 1309 andire
1037 1282 1069 1309 ab
1091 1282 1165 1313 eiam

195 1325 239 1359 qui
262 1325 323 1352 hinc
345 1325 378 1352 ad
401 1333 446 1352 eos
468 1325 602 1352 moriendo
625 1327 746 1360 pergunt,
769 1332 820 1352 non
843 1325 949 1360 quidem
972 1326 1069 1359 omnia,
1093 1325 1135 1353 sed

195 1377 261 1403 quae
284 1368 405 1396 sinuntur
431 1369 553 1401 indicare,
576 1369 621 1403 qui
648 1369 770 1397 sinuntur
795 1369 873 1397 etiam
899 1370 952 1397 ista
976 1370 1134 1403 meminisse,

268 1448 278 1471 1
296 1447 324 1470 cf.
340 1448 393 1470 Luc.
411 1448 444 1475 16,
460 1449 489 1471 22
505 1456 553 1478 sqq.
600 1449 627 1471 13
642 1448 696 1471 Luc.
714 1449 748 1477 18,
763 1449 792 1473 25

225 1502 234 1524 1
253 1501 313 1531 quod
322 1509 361 1531 pr.
380 1502 402 1525 Τ
459 1504 481 1526 in
498 1504 537 1526 illo
552 1503 684 1532 MAEFVfl
742 1504 756 1526 2
771 1504 816 1527 fuit
829 1504 864 1527 illi
878 1504 903 1527 Ε
960 1511 1013 1527 cura
1027 1504 1072 1528 suit
1086 1504 1136 1527 ΚΥ

194 1538 294 1562 facerent
308 1538 334 1562 F
381 1541 395 1563 Β
411 1541 499 1563 omnino
515 1547 558 1563 om.
578 1541 606 1563 Τι
665 1541 778 1568 nescirent
795 1541 818 1563 V
873 1541 938 1564 nobis
953 1543 989 1564 eat
1008 1542 1039 1570 νβ
1096 1549 1133 1564 uo-

192 1575 228 1598 bis
243 1576 273 1598 M
330 1583 383 1599 cura
397 1583 440 1600 om.
455 1577 476 1601 1⁷
520 1578 534 1600 4
550 1577 640 1600 omnino
655 1578 734 1607 utique
749 1579 760 1606 β
804 1579 818 1601 8
834 1578 924 1601 abraam
935 1578 961 1601 F
1017 1579 1052 1608 ac]
1070 1581 1093 1601 et
1104 1578 1133 1601 Α·

191 1612 233 1634 hae
248 1612 282 1635 Αἵ
348 1613 469 1642 propbetas
485 1614 539 1643 quin
554 1616 622 1637 immo
637 1614 674 1637 hic
688 1621 735 1643 sqq.
750 1614 832 1643 ERV
896 1615 1079 1645 bie—respondit
1093 1622 1132 1638 om.

194 1648 241 1671 ΤΚ
284 1649 297 1671 7
314 1650 520 1679 quos-propbetas
535 1651 561 1673 δη
576 1658 617 1679 mo.
629 1658 657 1673 as.
670 1652 687 1673 2
700 1651 721 1674 T
778 1651 806 1674 ad
822 1659 864 1675 om.
876 1652 910 1674 Κ1
955 1652 969 1674 8
985 1652 1022 1675 hic
1033 1659 1076 1675 om.
1091 1652 1135 1675 ΤΥ

191 1686 205 1708 9
221 1686 309 1708 samm
330 1686 351 1708 T
397 1688 461 1715 pater
476 1687 566 1710 narum
581 1687 606 1709 F
647 1688 696 1716 ipse
711 1694 753 1711 om.
771 1688 900 1717 ΤΜΑΡνβ
957 1689 989 1711 ibi
1004 1689 1028 1711 B
1086 1684 1132 1712 esic

191 1722 278 1744 sciebat
292 1722 349 1751 Fvs
422 1730 513 1752 moysen
529 1731 576 1746 esse
592 1726 616 1746 et
631 1724 750 1753 propbetas
766 1725 791 1753 Ε
848 1726 873 1748 11
890 1726 971 1748 interni
986 1726 1040 1749 ME
1052 1733 1095 1749 om.
1115 1727 1134 1749 V

190 1759 290 1781 niterent
304 1759 428 1789 ΝΙΖΔΚφ
445 1759 572 1783 deuitarent
587 1762 597 1789 β
657 1761 684 1784 12
700 1761 781 1784 diliciis
799 1762 834 1791 Τφ
850 1762 934 1785 delitiis
953 1762 977 1785 Y
1031 1763 1058 1786 13
1073 1770 1132 1786 rece-

191 1796 246 1824 pisti
258 1795 339 1824 NEVss
384 1797 411 1819 14
423 1796 490 1826 bons]
502 1797 561 1819 bona
571 1799 611 1820 tua
621 1797 724 1820 NBAM
766 1799 870 1821 similiter
879 1800 939 1821 mals
950 1799 981 1828 νβ
1026 1800 1053 1823 15
1065 1801 1131 1829 quse]

192 1833 245 1860 quia
265 1832 309 1855 ΥΡ
321 1839 364 1856 om.
379 1833 475 1856 BTMA
528 1834 664 1863 utique'on.
684 1835 714 1863 VB
763 1837 818 1864 aput
835 1835 859 1858 Y
902 1837 929 1859 16
944 1836 1041 1866 fuerant]
1056 1842 1109 1860 sunt
1123 1839 1133 1865 β

190 1876 235 1891 non
251 1876 295 1892 non
313 1869 337 1892 Y
417 1877 466 1893 cum
482 1878 525 1893 non
545 1871 566 1893 T
645 1872 668 1894 in
683 1872 716 1894 eis
735 1872 756 1894 1·
834 1874 934 1895 mortuus
953 1873 977 1896 Y
990 1873 1107 1897 defunctos
1122 1876 1132 1902 β

192 1906 218 1928 18
241 1905 364 1929 habraham
382 1907 403 1929 T
424 1907 513 1929 abraam
534 1908 560 1930 F
632 1909 659 1931 19
681 1915 731 1933 eum
751 1916 806 1932 uoce
826 1909 922 1932 Proinde
941 1910 1024 1939 incipit
1043 1911 1092 1934 cod.
1108 1912 1132 1934 X

190 1943 249 1971 quod
262 1943 313 1965 MA
357 1944 386 1967 20
400 1944 522 1973 nondums
566 1946 647 1974 agatur
656 1945 692 1968 K*
736 1953 789 1969 uero
804 1953 846 1969 om.
858 1947 915 1969 ΧΨ
960 1954 1004 1969 non
1020 1947 1097 1970 audire
1113 1948 1133 1969 V

189 1980 219 2002 22
230 1979 308 2002 sinunt
317 1979 394 2002 ΒΤΑι
439 1980 670 2004 iudicare-sinuntur
680 1989 722 2005 om.
736 1982 761 2004 X
804 1990 860 2012 quae
871 1983 912 2012 Κφ
959 1984 998 2006 isti
1010 1990 1025 2012 φ
1037 1984 1069 2006 ita
1082 1984 1134 2007 ΚΥ
