1355 2653
189 361 243 387 490
483 359 504 382 S.
528 359 642 382 Aureli
665 360 843 389 Augustini

189 440 323 467 iudicibus
351 442 494 467 eruuntur?
522 440 573 467 duo
601 440 670 467 enim
697 440 764 467 bona
790 440 858 467 fiunt
879 440 959 468 huius
982 441 1134 469 uenditione

190 484 328 515 mendacii,
348 485 379 511 ut
397 485 424 511 et
441 484 553 518 pecunia
572 486 701 515 sumatur.
722 484 789 511 unde
807 484 884 519 inops
903 484 997 517 alatur,
1013 488 1041 512 et
1058 485 1134 513 iudex

189 528 304 560 fallatur,
329 536 359 555 ne
386 528 465 555 homo
491 528 622 562 puniatur.
648 530 806 555 testamenta
831 528 909 555 etiam
935 528 958 555 si
983 537 1134 564 possumus,

190 580 237 599 cur
259 580 308 599 non
332 580 394 599 uera
417 573 605 606 supprimimus
633 573 662 599 et
687 572 755 599 falsa
777 572 958 607 subponimus,
982 575 1013 600 ut
1035 573 1133 600 heredi·

190 617 259 643 tates
275 615 319 643 nel
334 616 422 651 legata
437 624 487 643 non
504 616 616 643 habeant
631 615 740 651 indigni,
756 616 801 650 qui
817 617 883 644 nihil
895 625 926 644 ex
941 617 979 644 eis
995 619 1135 652 operantur

191 660 261 691 boui.
288 660 334 687 sed
361 660 389 687 hi
419 660 517 695 potius,
545 668 561 686 a
586 660 683 694 quibus
714 661 857 688 esurientes
889 663 1042 695 pascuntur,
1073 661 1133 688 nudi

191 705 349 736 uestiuntur,
362 704 490 739 peregrini
507 704 695 738 suscipiuntur,
711 705 810 739 captiui
825 705 996 737 redimuntur,
1009 705 1135 732 eeclesiae

191 750 395 776 construuntur?
415 756 462 775 cur
480 748 548 775 enim
568 756 618 775 non
635 748 698 775 fiant
713 748 760 775 illa
774 749 844 776 mela
858 750 965 784 propter
979 749 1044 776 hsec
1060 749 1135 780 bons,

191 793 215 819 si
234 794 339 827 propter
356 793 421 819 haec
440 792 507 819 bona
526 800 573 819 nec
592 793 638 819 illa
657 794 719 819 sunt
738 793 825 820 mala?
843 793 895 820 iam
916 801 977 821 nero
993 793 1017 820 si
1033 794 1135 828 aliquae

190 836 330 864 inmundae
350 838 377 863 et
395 837 490 864 diuites
507 837 617 864 feminae
633 836 772 864 uideantur
786 839 916 864 amatores
931 839 959 864 et
973 839 1135 873 stupratores

193 889 255 908 suos
281 881 389 915 insuper
415 881 552 913 ditaturae,
581 888 627 908 cur
652 889 702 908 non
730 882 757 908 et
778 881 826 908 has
849 883 937 916 partes
960 883 1040 916 atque
1067 884 1135 910 artes

192 925 320 959 suscipiat
341 925 384 952 uir
405 925 563 957 misericors,
587 925 683 959 quibus
705 933 752 960 pro
775 927 830 952 tam
852 925 920 953 bons
938 933 1019 953 eausa
1037 928 1135 957 utatur,

191 971 223 996 ut
241 969 344 1001 habeat,
364 969 431 996 unde
452 969 631 1003 indigentibus
650 969 785 1004 largiatur.
805 977 852 996 nec
875 969 965 997 audiet
986 970 1136 1005 apostolum

193 1014 335 1041 dicentem:
362 1013 418 1047 qui
449 1013 635 1044 furabatur,
665 1013 728 1040 iam
759 1021 818 1041 non
850 1013 996 1045 fui-etun
1029 1014 1135 1049 magis

192 1059 301 1084 autem
329 1058 462 1084 laboret
489 1065 630 1091 operans
657 1057 810 1084 manibus
838 1057 910 1084 suis
940 1057 1069 1089 bonum.
1100 1060 1136 1085 ut

193 1101 314 1129 habeut
338 1101 422 1129 unde
448 1101 600 1128 tribuere
628 1101 681 1128 cui
709 1109 790 1136 opus
818 1102 888 1129 est?
913 1101 936 1128 si
959 1101 1065 1136 quidem
1085 1110 1135 1129 non

192 1146 279 1173 solum
305 1146 392 1180 ipsum
419 1145 526 1177 furtum,
553 1153 645 1172 uerum
672 1146 750 1172 etiam
778 1145 873 1172 salsum
900 1145 1081 1173 testimonium
1109 1147 1136 1173 et

192 1190 351 1217 adulterium
370 1191 396 1216 et
416 1198 491 1217 omne
511 1198 577 1224 opus
598 1190 696 1217 malum
712 1198 761 1218 non
778 1190 828 1216 erit
842 1190 949 1222 malum.
965 1190 1011 1217 sed
1027 1190 1135 1222 bonum,-

194 1234 216 1261 si
236 1242 267 1261 ea.
286 1242 365 1261 causa
384 1234 555 1268 perpetretur,
576 1235 607 1260 ut
628 1233 672 1265 sit,
696 1233 763 1260 unde
789 1233 836 1260 fiat
861 1234 968 1261 bonum.
995 1234 1056 1268 quis
1082 1234 1135 1261 ista

193 1278 272 1310 diest,
291 1278 341 1305 nisi
360 1278 405 1312 qui
424 1285 465 1304 res
485 1278 612 1304 humanas
627 1285 770 1311 omnesque
786 1279 894 1304 conatur
909 1285 994 1305 mores
1009 1277 1135 1313 legesque

193 1322 362 1349 subuertere?
382 1321 453 1356 quod
473 1321 540 1348 enim
565 1321 797 1348 sceleratissimum
820 1321 930 1352 facinus,
950 1321 1019 1356 quod
1039 1322 1137 1356 turpis-

193 1366 289 1393 simum
311 1366 449 1401 flagitium,
473 1366 542 1399 quod
565 1365 742 1400 inpiissimum
764 1365 931 1400 sacrilegium
955 1373 1006 1392 non
1032 1366 1137 1393 dicatur

192 1418 271 1445 posse
301 1410 357 1437 fieri
386 1411 457 1437 reete
487 1411 566 1444 atque
599 1409 667 1436 iuste
696 1416 742 1435 nec
773 1409 869 1443 inpune
900 1411 1012 1442 tantum,
1043 1418 1134 1437 uerum

193 1455 271 1481 etiam
292 1454 414 1489 gloriose,
431 1455 462 1480 ut
475 1454 501 1480 in
518 1461 547 1480 eo
563 1453 734 1488 perpetrando
750 1461 801 1480 non
817 1453 903 1480 solum
919 1453 1048 1488 supplicis
1064 1454 1136 1481 nulla

192 1499 341 1530 timeantur,
365 1498 411 1525 sed
434 1499 570 1533 sperentur
592 1499 619 1524 et
640 1497 762 1531 praemia,
783 1497 806 1524 si
825 1498 907 1524 semel
929 1498 1134 1525 concesserimus

268 1592 295 1614 14
311 1591 368 1621 eph.
383 1592 405 1618 4.
420 1591 449 1614 ‘28

225 1643 234 1664 1
252 1643 367 1671 eruuntur]
382 1644 500 1665 semuntur
517 1642 551 1664 (ΙΙΙ
566 1643 683 1665 seruentur
699 1644 721 1669 (n
736 1642 762 1664 in
776 1644 832 1669 ras.)
852 1642 873 1664 Τ
930 1642 988 1665 bons
1002 1649 1030 1665 a
1045 1642 1105 1665 dona
1120 1651 1134 1672 φ

1155 1062 1189 1081 15

1154 1282 1192 1302 ,0

194 1679 244 1701 ulus
261 1678 295 1701 ch
338 1679 351 1701 2
367 1680 391 1701 et
405 1686 448 1701 om.
463 1679 486 1701 P
529 1680 652 1701 summetur
668 1678 735 1700 ΟΙιΤι
783 1678 848 1701 inobs
863 1687 878 1708 φ
923 1679 936 1701 3
952 1679 1029 1707 etiam]
1046 1679 1105 1701 enim
1122 1679 1135 1701 Β
1179 1686 1186 1688 ·

194 1715 303 1744 possimus
318 1715 332 1738 b
391 1716 405 1738 4
421 1722 477 1744 quur
494 1715 568 1738 ΟΡΤι
632 1716 708 1744 legata
723 1716 760 1738 uel
774 1715 912 1738 heredium
924 1722 940 1744 γ
998 1716 1011 1737 6
1027 1715 1060 1738 hii
1080 1715 1137 1738 Tel»

194 1752 218 1774 hi
233 1752 316 1781 potius]
333 1752 423 1781 hpotius
439 1752 461 1774 P
510 1752 633 1774 aurientes
649 1752 673 1781 φ’
689 1753 767 1774 centes
782 1752 804 1774 P
841 1752 854 1774 7
870 1752 964 1774 eclesiae
981 1751 1016 1774 01»
1052 1752 1067 1775 8
1079 1759 1136 1781 quur

194 1789 238 1811 Po
267 1790 281 1811 9
297 1789 405 1811 si—bons
420 1796 462 1811 om.
477 1788 523 1816 135¹
569 1789 625 1811 haec
639 1796 681 1811 om.
701 1789 722 1811 T
755 1789 782 1811 10
797 1790 946 1817 utmpratore·
965 1788 1006 1811 To
1037 1790 1062 1811 ll
1076 1789 1135 1811 dits-

194 1827 258 1848 tursc
272 1825 295 1848 R
370 1832 426 1854 quur
441 1826 483 1852 (sic
495 1828 588 1854 semper)
608 1825 627 1848 O
701 1826 728 1848 12
744 1826 878 1855 suscipietur
893 1825 915 1848 R
989 1826 1024 1847 nir
1039 1832 1081 1848 om.
1096 1826 1134 1855 Βφ

196 1863 223 1885 15
239 1864 265 1885 ut
279 1870 306 1885 a
321 1864 345 1884 et
358 1871 374 1892 φ
428 1862 454 1884 16
469 1858 555 1885 ‘tribunt
569 1862 674 1892 RL-5Wb
734 1862 823 1891 quidem
838 1862 861 1885 in
877 1862 919 1885 hoc
933 1870 947 1891 γ
992 1862 1019 1885 19
1035 1863 1085 1891 quis
1100 1864 1135 1885 est

194 1899 270 1922 edicat
283 1900 306 1922 P
363 1899 401 1928 qui
419 1898 440 1921 T
497 1899 531 1921 ita
545 1899 600 1922 TC'h
640 1899 669 1922 20
684 1900 799 1928 omnesqui
815 1899 871 1922 Ten
927 1905 1000 1921 mores
1016 1902 1109 1922 oon-tur
1120 1899 1134 1927 β

194 1935 296 1964 legisque
314 1935 379 1958 CM*
437 1935 467 1957 22
481 1935 613 1964 sacrilegum
628 1935 652 1957 P
709 1936 738 1958 24
753 1935 821 1958 etiam
837 1941 879 1958 om.
894 1934 954 1958 ΒΨ
1031 1936 1066 1965 ut]
1083 1937 1107 1958 et
1121 1944 1134 1965 γ

195 1973 224 1995 25
239 1973 369 2001 timeantur]
385 1973 511 1994 mereantur
526 1971 570 1994 FL
