1355 2653
196 346 250 372 508
483 344 504 366 S.
528 344 640 366 Aureli
661 343 840 373 Augustini

196 425 347 460 cognoui,
369 425 517 452 seruiuit
535 425 624 457 mihi,
645 426 672 452 et
686 425 798 452 Lazarus
816 426 933 452 remotus
952 433 967 452 a
982 425 1137 453 uiuentibus

194 470 328 503 tamquam
346 469 384 495 ibi
402 469 504 495 iacebat
522 477 567 503 per
583 469 782 503 significatiusm
798 469 1004 501 similitudinem,
1020 469 1066 496 ubi
1081 469 1136 502 ille,

195 512 271 539 cuius
294 520 344 539 uox
367 514 419 539 est:
442 513 616 547 proiectus
644 520 714 539 snm
736 521 752 540 a
773 513 861 540 facie
887 513 1062 541 oculorum
1090 514 1137 541 tu-

156 550 158 552 *
195 564 293 584 orum.
317 557 345 584 et
362 556 430 588 ideo,
454 558 587 591 tamquam
610 557 753 584 nesciretur
775 565 790 584 a
813 557 917 585 Christo
940 558 967 584 et
989 557 1044 589 ills,
1067 565 1137 592 quae

194 600 281 632 fuerit,
312 602 339 628 et
367 601 426 633 iste,
453 601 498 627 ubi
523 601 627 636 positus
653 601 740 633 fuerit,
766 601 854 629 uerbis
879 601 1063 637 interrogantis
1094 603 1137 629 est
1162 611 1175 629 ι

194 644 335 679 figuratum
358 647 385 671 et
407 653 481 672 omne
504 645 616 671 uitatum
639 645 726 672 ueraci
749 645 938 680 significatione
960 644 1135 673 mendacium.

231 688 274 715 28.
294 688 362 715 Hinc
390 689 431 715 est
454 688 532 715 etiam
555 688 630 720 illud,
655 688 725 722 quod
747 688 957 716 commemorasti
979 697 1024 716 eos
1048 688 1135 716 dicere

194 732 335 760 ‘dominum
355 733 452 763 Iesum,
471 733 641 767 posteaquam
660 732 806 766 resurrexit,
826 733 975 760 ambulasse
992 733 1019 760 in
1038 732 1135 760 itinere

194 784 254 804 eum
280 776 382 803 duobus
405 776 551 811 discipulis,
574 778 601 803 et
622 776 855 811 propinquantibus
878 777 916 804 eis
940 776 1058 809 castello.
1082 785 1134 811 quo

193 820 273 852 ibant,
299 820 375 847 illum
397 820 501 855 long-ius
525 829 553 848 ss
575 821 612 847 ire
635 820 756 853 finxisse‘,
779 820 825 848 ubi
847 821 1007 857 euangelista
1030 821 1133 848 dicens:
1148 831 1170 848 ιο

192 864 265 899 ipse
285 866 394 891 autem
414 872 447 891 se
466 864 568 891 finxit
586 864 724 899 longius
743 864 799 896 ire,
819 864 898 891 etiam
916 865 1003 899 ipsum
1022 864 1133 892 uerbum

192 908 290 943 posuit,
300 915 351 943 quo
363 908 499 935 mendaces
512 908 620 935 nimium
633 908 802 941 delectantur,
815 910 846 935 ut
853 908 949 943 inpune
961 908 1132 936 mentiuntur:

194 952 268 986 quasi
287 952 449 979 mendacium
470 952 505 979 sit
523 960 599 979 omne
618 952 687 986 quod
706 952 820 987 fingitur,
835 960 896 979 oum
914 952 1043 980 ueraciter
1059 952 1133 980 aliud

193 1004 223 1024 ex
243 997 293 1023 alio
312 996 473 1032 significandi
493 1004 571 1023 causa
593 998 647 1023 tam
669 997 753 1023 mults
773 996 912 1032 fingantur.
935 997 959 1024 si
980 1004 1043 1032 ergo
1066 997 1132 1024 nihil

193 1040 265 1068 aliud
280 1040 454 1075 significasset
465 1041 539 1067 Iesus
554 1040 581 1067 in
597 1048 635 1073 eo.
647 1040 716 1074 quod
732 1040 835 1075 longius
850 1041 888 1067 ire
904 1048 932 1068 se
942 1040 1024 1073 finxit,
1037 1041 1131 1069 merito
1145 1050 1166 1068 ιι

193 1084 353 1111 iudicaretur
371 1092 429 1111 esse
448 1084 619 1111 mendacium.
639 1092 714 1119 porro
734 1085 822 1111 autem
841 1084 864 1111 si
882 1085 948 1112 bene
962 1085 1132 1120 intellegatur

193 1129 219 1155 et
245 1128 278 1155 ad
302 1128 339 1160 id,
366 1128 436 1162 qnod
461 1128 547 1155 uoluit
572 1128 727 1163 significare,
753 1129 887 1161 referatur,
913 1128 1047 1156 inuenitur
1070 1136 1130 1156 esse

191 1172 354 1207 mysterium.
388 1172 502 1206 alioquin
533 1174 607 1199 erunt
637 1173 731 1199 cuncta
760 1172 902 1205 mendacia,
932 1180 999 1207 quae
1022 1174 1130 1208 propter

192 1215 320 1250 quandam
339 1224 424 1243 rernm
444 1216 671 1251 significandarum
691 1216 898 1249 similitudinem,
913 1224 973 1244 cum
987 1218 1064 1252 gesta
1078 1224 1129 1244 non

192 1260 253 1292 sint,
272 1261 404 1294 tamquam
424 1260 499 1294 gesta
516 1261 658 1287 narrantur.
678 1260 748 1287 unde
766 1262 808 1288 est
822 1260 869 1287 illa
884 1260 916 1287 de
931 1260 1034 1288 duobus
1048 1260 1128 1289 unius
1141 1270 1163 1288 aa

191 1303 304 1330 hominis
334 1303 405 1336 filiis,
432 1303 537 1336 maiore,
564 1304 608 1338 qui
638 1304 734 1331 mansit
762 1304 831 1339 apud
859 1305 960 1339 panem
986 1312 1072 1337 suum,
1099 1305 1127 1331 et

191 1347 298 1379 minore,
318 1348 363 1381 qui
385 1348 462 1382 longe
484 1348 664 1382 peregrinatus
688 1350 737 1381 est,
759 1350 814 1375 tam
833 1348 931 1382 prolixa
950 1348 1070 1375 narratio.
1100 1347 1127 1375 in

193 1398 243 1425 quo
263 1399 354 1426 genere
374 1391 485 1426 fingendi
505 1392 617 1419 humana
636 1392 713 1419 etiam
733 1392 803 1419 dicta
822 1392 864 1420 uel
883 1392 952 1420 facta
968 1391 1127 1419 inrationali-

191 1435 241 1462 bus
264 1435 439 1462 animantibus
462 1436 489 1461 et
509 1435 587 1462 rebus
611 1443 689 1463 sensu
712 1436 859 1463 carentibus
881 1436 1000 1463 homines
1022 1434 1126 1463 addide-

264 1536 278 1558 8
292 1535 329 1558 Pu.
345 1536 380 1561 30.
395 1536 424 1558 23
470 1536 495 1558 11
513 1536 566 1558 Luc.
581 1536 617 1563 24,
632 1536 661 1559 28
704 1536 733 1559 20
749 1535 776 1559 cf.
791 1536 844 1559 Luc.
861 1535 895 1562 15.
912 1535 998 1558 11—32

221 1587 231 1608 l
249 1586 304 1609 mihi
318 1586 421 1609 inaudite
435 1586 494 1609 suris
510 1586 611 1609 obediuit
625 1587 679 1609 mihi
698 1586 720 1609 V
791 1587 805 1610 8
819 1586 891 1609 faciae
905 1586 964 1610 Rota
978 1588 1099 1616 oouspeotu
1111 1594 1125 1616 γ

190 1623 205 1646 5
218 1630 253 1651 pr.
265 1623 339 1645 fuerat
354 1623 374 1646 0
416 1623 584 1652 interrogatiuis
599 1623 621 1645 V
647 1624 661 1646 6
673 1630 737 1646 omne
748 1623 887 1646 mend-dnm
897 1622 942 1646 FL
985 1622 1124 1646 mendacium

190 1666 232 1682 on.
247 1659 293 1682 FL
351 1660 364 1682 7
380 1660 593 1687 commemoravi-uti
610 1659 644 1682 oh
701 1659 715 1683 8
730 1659 811 1689 Iesum]
827 1654 875 1682 ΕΞ)
894 1660 916 1682 1·
992 1660 1089 1682 unexit
1106 1659 1127 1681 V

190 1696 204 1718 9
220 1695 334 1725 discipulis
351 1696 386 1718 01⁸
451 1697 680 1726 appropinquantibus
695 1696 740 1719 FI,
806 1703 860 1726 quo·
874 1696 895 1718 Τ
968 1696 995 1719 10
1010 1696 1043 1719 im
1058 1702 1082 1718 se
1095 1704 1124 1726 γφ

190 1740 214 1755 se
229 1739 271 1755 om.
286 1732 310 1755 R
371 1733 404 1763 ire
421 1732 455 1755 Ch
516 1733 571 1756 hubi
587 1733 621 1756 Oh
681 1733 706 1756 11
723 1733 772 1756 fixit
788 1732 854 1756 0M'1
913 1733 941 1755 12
955 1733 1031 1761 posuit
1044 1739 1089 1756 on.
1106 1732 1128 1755 V

190 1769 421 1792 mentiantur—omne
436 1777 478 1793 om.
494 1778 508 1799 φ
555 1770 582 1792 13
597 1770 628 1792 sit
642 1777 685 1793 om.
699 1770 752 1799 Euq
797 1770 824 1792 14
839 1769 914 1799 causa]
930 1769 1004 1798 grafia
1018 1770 1029 1797 β
1078 1770 1124 1792 hm

190 1812 232 1828 om.
248 1808 258 1834 β
317 1806 345 1829 15
359 1806 496 1835 signino-set
512 1806 545 1829 07·
602 1807 675 1835 Iesus]
691 1806 711 1829 i·
725 1807 751 1833 (ι.
767 1807 783 1829 1.
798 1813 826 1829 nu.
842 1807 868 1835 2)
884 1806 906 1829 T
962 1812 986 1829 se
1000 1806 1033 1828 ire
1047 1807 1059 1834 β
1072 1805 1126 1835 Euty

190 1843 222 1872 ire
239 1842 273 1865 07·
332 1843 359 1865 17
374 1842 483 1865 reseretur
501 1844 534 1870 (re
548 1843 574 1865 in
587 1845 644 1871 rae)
659 1851 674 1873 φ
694 1843 798 1866 efferatur
815 1843 838 1866 V
893 1843 921 1866 18
934 1842 1059 1866 minutim„
1073 1842 1125 1866 Ru

190 1881 257 1902 cunis
272 1887 286 1909 φ
360 1879 389 1902 20
405 1881 469 1907 gesta
483 1879 529 1902 sint
543 1887 556 1908 τ
623 1881 646 1902 et
660 1879 700 1902 illa
714 1880 767 1909 Eua
838 1879 865 1902 21
881 1879 973 1908 mansit]
988 1886 1041 1902 nm
1056 1880 1088 1902 sit
1105 1879 1126 1902 1·

189 1917 218 1939 23
234 1918 315 1939 umen}
330 1915 365 1939 Ch
379 1915 488 1938 hum-nn·
506 1915 527 1938 T
613 1916 672 1938 facts
686 1916 722 1939 nel
738 1916 798 1939 diets
812 1915 854 1944 βὸᾶ
929 1915 1123 1939 inrationabilibus

189 1952 316 1982 RTFLm
332 1953 511 1975 flantium-biliu-
528 1952 557 1975 0ι
