1355 2653
192 363 246 391 654
480 362 502 384 S.
525 360 637 384 Aureli
659 360 838 390 Augustini
856 379 861 389 .-

191 443 346 479 generaliter
375 442 509 470 orantibus
536 450 582 476 pro
608 442 751 477 indigentia
780 442 976 477 supplicantum
1003 457 1040 461 —
1063 442 1134 470 sicut

190 495 238 515 nos
258 495 361 514 oramus
380 494 425 521 pro
444 482 566 518 mortuis,
585 486 680 520 quibus
699 486 791 520 utique
806 494 856 513 non
873 487 1071 522 praesentamur
1086 494 1132 514 nec

191 532 237 559 ubi
261 532 315 558 sint
332 531 375 558 uel
394 530 458 565 quid
477 532 556 566 agant
574 530 672 558 scimus
691 545 728 550 —
746 530 811 557 deus
830 530 1004 565 omnipotens,
1026 531 1073 565 qui
1092 533 1134 559 est

191 575 288 610 ubique
312 583 434 610 praesens
461 582 508 602 neo
534 576 671 602 concretus
697 574 773 602 nobis
799 582 847 602 neo
869 576 986 602 remotus
1009 583 1026 602 a
1047 575 1132 608 nobis,

190 619 329 647 exaudiens
355 620 498 654 martyrum
524 626 622 653 preces.
653 626 699 653 per
724 618 841 653 angelica
867 618 1013 646 ministeria
1037 627 1132 654 usque-
1154 631 1163 647 ι

191 671 293 698 quaque
320 663 415 691 diffusa
440 663 563 697 praebeat
587 663 736 690 hominibus
766 663 819 690 ista
848 662 954 695 solacia,
980 663 1077 698 quibus
1105 664 1132 690 in

191 708 270 735 huius
292 707 363 735 uitae
385 707 491 735 miseria
513 706 612 734 iudicat
633 714 692 734 esso
713 706 866 742 praebenda,
890 708 918 734 et
939 715 1047 735 suorum
1066 707 1133 735 mar-

190 753 278 787 tyrum
300 751 394 779 merita
417 751 463 778 ubi
482 751 549 782 uult,
568 750 670 785 quando
691 751 758 782 uult,
777 751 907 785 quomodo
924 751 990 784 uult,
1009 751 1132 779 maxime-

191 804 242 831 que
263 804 310 830 per
331 803 421 823 eorum
445 795 593 829 memorias,
616 795 738 829 quonism
756 795 807 822 hoo
825 795 900 822 nouit
918 795 1037 830 expedire
1057 795 1131 823 nobis

190 841 224 867 ad
242 839 428 868 aedificandam
448 839 524 866 fidem
545 839 652 870 Christi,
671 846 716 873 pro
736 839 812 866 ouius
831 839 871 866 illi
890 839 1054 867 confessione
1069 841 1132 867 sunt
1144 853 1160 870 u

190 884 271 919 passi,
296 884 408 911 mirabili
427 885 506 919 atque
524 883 649 910 ineffabili
667 885 798 918 potestate
818 891 848 910 so
866 883 982 910 bonitate
1002 891 1131 911 commen·

191 928 241 956 det.
268 936 309 955 res
336 930 378 955 est
403 928 466 955 haee
493 927 577 959 altior.
604 935 681 961 quam
704 929 735 954 ut
761 935 777 955 a
797 935 839 954 me
862 928 947 962 possit
968 927 1079 963 adtingi,
1105 929 1132 955 et

191 973 344 1003 abstrusior,
370 979 448 1006 quam
474 973 505 999 ut
530 979 545 998 a
567 979 609 998 me
631 972 720 999 ualeat
741 971 907 1006 perscrutari.
934 973 962 999 et
983 972 1042 999 ideo
1068 972 1130 1007 quid

191 1017 283 1044 horum
311 1016 421 1043 duorum
448 1016 492 1048 sit,
515 1024 546 1043 an
569 1023 631 1043 uero
654 1015 774 1043 fortassis
796 1017 937 1051 utrumque
962 1015 1005 1048 sit,
1032 1018 1064 1043 ut
1085 1016 1130 1043 ali-

190 1060 293 1095 quando
312 1060 365 1087 ista
382 1060 445 1087 fiant
462 1068 509 1095 per
526 1060 610 1095 ipsam
629 1060 802 1095 praesentiam
821 1061 972 1095 martyrum,
991 1060 1130 1095 aliquando
1143 1074 1157 1091 u

190 1112 236 1139 per
266 1104 372 1139 angelos
402 1104 576 1139 suscipientes
602 1112 739 1139 pomonam
766 1105 917 1139 martyrum,
949 1104 1055 1132 definire
1080 1112 1130 1132 non

190 1148 283 1176 audeo.
302 1148 408 1175 mallem
427 1147 459 1175 ab
473 1147 617 1175 scientibus
633 1148 684 1175 ista
698 1147 853 1183 perquirere.
872 1155 955 1183 neque
970 1148 1040 1175 enim
1055 1157 1129 1176 nemo

191 1194 240 1224 est,
267 1193 312 1226 qui
338 1192 402 1219 haec
427 1192 501 1224 sciat.
524 1200 575 1219 non
599 1192 643 1227 qui
667 1193 718 1219 sibi
741 1192 807 1219 scire
829 1192 951 1219 uideatur
973 1194 1001 1220 et
1022 1193 1129 1221 nesciat.

191 1236 258 1264 dona
280 1236 349 1263 enim
373 1235 414 1263 dei
433 1238 495 1264 sunt
515 1236 556 1263 his
575 1236 626 1263 alia
645 1238 671 1264 et
690 1236 744 1264 illis
762 1236 814 1263 alia
831 1236 966 1272 largientis
986 1238 1128 1265 seeundum

190 1280 349 1316 apostolum,
373 1280 418 1315 qui
440 1280 505 1308 dicit
527 1280 667 1315 unicuique
691 1280 747 1308 dari
765 1280 1001 1308 manifestationem
1020 1281 1127 1317 spiritus
1140 1295 1158 1313 η

222 1388 232 1410 l
250 1389 339 1411 orantes
354 1388 380 1410 X
394 1388 531 1411 orationibus
546 1388 600 1417 Euy
664 1388 795 1418 indigentiis
810 1388 901 1412 ῙΖΕΜ
957 1389 1129 1419 supplicantium

195 1424 317 1453 TAFVXB
375 1425 389 1447 8
404 1425 496 1454 seimus]
512 1423 552 1447 sed
567 1425 593 1447 X
657 1426 797 1455 omnipotens
812 1425 867 1448 deus
886 1425 931 1448 VX
987 1426 1002 1448 4
1017 1426 1082 1449 nobis
1093 1434 1129 1455 pr.

189 1468 233 1484 om.
249 1462 275 1484 X
326 1463 339 1485 5
355 1461 459 1484 exaudiat
473 1461 529 1484 FA’
544 1461 648 1485 exaudiet
662 1462 770 1485 BTMA*
828 1461 928 1485 misteria
945 1462 969 1486 Υ
980 1463 1107 1486 ministeriu
1120 1465 1130 1491 β

191 1500 204 1521 6
221 1500 244 1521 et
258 1499 366 1528 praebeat
379 1499 403 1521 A
476 1499 489 1520 7
504 1498 655 1528 praebendum
669 1499 695 1522 F
770 1499 850 1522 merita
865 1501 985 1529 matyrum
1000 1500 1128 1530 (martyrum

189 1541 233 1559 om.
244 1534 280 1564 K)
290 1535 560 1565 NMKEVRstMEuq
575 1536 679 1558 meritum
694 1538 813 1565 martyrum
825 1535 882 1558 ΒΡ
892 1536 998 1559 meriton
1008 1539 1128 1566 martyrum

194 1571 223 1594 1¹¹
237 1572 352 1594 mss-fisum
367 1572 470 1595 meritum
485 1572 511 1595 F
523 1573 603 1595 merito
618 1574 738 1601 mnu-tyrum
753 1573 776 1595 Δ
819 1572 834 1595 8
849 1572 900 1595 uult
914 1572 1016 1601 expedire
1030 1572 1097 1596 nobis
1106 1574 1130 1596 Χ

190 1608 302 1637 quomedo
317 1608 374 1637 uult,
387 1608 475 1637 quando
490 1608 540 1631 uult
550 1608 604 1637 Euy
663 1608 750 1637 quando
766 1609 817 1631 uult
827 1616 869 1632 om.
881 1609 900 1632 Ῑ
955 1609 1070 1638 quomodo.
1081 1610 1129 1633 uult

189 1651 232 1667 om.
249 1644 275 1667 X
353 1645 448 1668 maxime
463 1645 501 1674 qui
517 1645 565 1668 BF
628 1645 642 1667 9
657 1645 730 1674 uouit]
746 1645 812 1668 nobis
831 1645 854 1668 Y
932 1646 1035 1675 expedire
1050 1653 1093 1669 οιιι.
1110 1647 1131 1669 Τ

191 1682 255 1704 nobis
270 1688 313 1704 om.
331 1682 354 1705 Y
413 1682 437 1704 11
454 1682 610 1711 mirabilisque
625 1681 660 1704 Κ·
727 1682 769 1705 hae
783 1683 810 1705 X
874 1682 976 1706 bonitate
992 1691 1006 1713 φ
1070 1690 1129 1706 eom-

191 1718 283 1741 mendst
296 1718 321 1741 E
334 1719 489 1741 commendata
504 1718 528 1741 X
592 1719 618 1741 12
633 1726 668 1742 res
683 1719 739 1742 haee
754 1719 821 1742 sitior
836 1721 871 1742 est
888 1719 1023 1749 TEFVssba
1095 1722 1131 1743 est

189 1762 233 1779 om.
248 1755 323 1778 ΒΜΔ
389 1755 444 1778 haee
459 1762 501 1779 om.
517 1756 544 1780 A.
606 1758 727 1785 ut—quam
741 1763 783 1779 om.
803 1756 824 1779 V
885 1757 966 1786 possit]
982 1757 1065 1780 debent
1078 1757 1131 1787 Ray

193 1792 219 1816 18
236 1792 319 1821 ualeat]
335 1793 408 1821 possit
421 1793 447 1815 E
490 1794 516 1816 14
532 1793 598 1815 duum
619 1793 639 1815 V
681 1795 800 1822 utrumque
815 1794 846 1816 sit
859 1800 902 1816 om.
922 1793 944 1815 V
985 1795 1011 1816 ut
1025 1801 1067 1817 om.
1079 1794 1133 1817 ΚΥ

192 1831 218 1852 15
235 1829 427 1858 ista—aliquando
440 1837 481 1852 om.
494 1830 519 1853 X
576 1830 626 1859 ipsa
641 1831 767 1859 praesentia
777 1830 803 1853 N
860 1830 1130 1860 aliquando—martyrum

189 1873 233 1889 om.
247 1866 276 1889 T¹
323 1867 349 1889 16
365 1873 459 1895 persona
473 1867 526 1889 Yx¹
539 1874 645 1896 personas
656 1866 691 1890 X²
736 1868 762 1889 17
778 1867 867 1889 mollem
879 1868 938 1890 enim
948 1867 973 1890 E
1029 1875 1043 1890 a
1053 1868 1131 1891 End

191 1903 218 1925 ab
235 1903 366 1932 scientibus]
384 1904 514 1926 absentibus
528 1904 559 1926 M
603 1904 630 1927 18
646 1912 689 1927 non
705 1905 753 1934 qui]
770 1903 877 1933 numquid
890 1904 916 1926 X
972 1904 1016 1927 sibi
1030 1911 1073 1927 om.
1085 1905 1130 1928 ΓΔ

190 1940 294 1962 uideatur
312 1940 368 1962 scire
387 1941 412 1963 X
496 1944 549 1969 post
568 1942 653 1963 nesciat
670 1944 803 1970 repetuntur
822 1940 1047 1969 numquid—nesciat
1065 1942 1091 1964 ιἰι
1106 1943 1132 1965 Χ

192 1978 218 1999 19
235 1977 279 1999 alis
294 1979 348 2003 suut
362 1977 388 1999 K
431 1978 484 2007 illis]
500 1978 535 2000 his
551 1978 575 2000 X
619 1978 740 2007 largiendis
756 1986 771 2007 φ
786 1978 908 2007 largientes
923 1978 956 2000 Βι
1000 1978 1029 2001 20
1044 1978 1092 2001 dati
1111 1979 1133 2002 V
