<?xml version="1.0" encoding="UTF-8"?>
<!DOCTYPE html PUBLIC "-//W3C//DTD XHTML 1.0 Transitional//EN"
    "http://www.w3.org/TR/xhtml1/DTD/xhtml1-transitional.dtd">
<html xmlns="http://www.w3.org/1999/xhtml" xml:lang="en" lang="en">
 <head>
  <title>
</title>
<meta http-equiv="Content-Type" content="text/html;charset=utf-8" />
  <meta name='ocr-system' content='tesseract 3.04.00' />
  <meta name='ocr-capabilities' content='ocr_page ocr_carea ocr_par ocr_line ocrx_word'/>
</head>
<body>
  <div class='ocr_page' id='page_1' title='image "./sanctiavreliavg01zychgoog_0098.png"; bbox 0 0 1355 2653; ppageno 0'>
   <div class='ocr_carea' id='block_1_1' title="bbox 192 336 845 365">
    <p class='ocr_par' dir='ltr' id='par_1_1' title="bbox 192 336 845 365">
     <span class='ocr_line' id='line_1_1' title="bbox 192 336 845 365; baseline -0.002 -6"><span class='ocrx_word' id='word_1_1' title='bbox 192 339 228 365; x_wconf 84' lang='lat'><strong>40</strong></span> <span class='ocrx_word' id='word_1_2' title='bbox 489 336 510 359; x_wconf 89' lang='lat' dir='ltr'><strong>S.</strong></span> <span class='ocrx_word' id='word_1_3' title='bbox 533 336 645 358; x_wconf 78' lang='lat' dir='ltr'>Aureli</span> <span class='ocrx_word' id='word_1_4' title='bbox 667 336 845 365; x_wconf 70' lang='lat' dir='ltr'>Augustini</span> 
     </span>
    </p>
   </div>
   <div class='ocr_carea' id='block_1_2' title="bbox 190 416 1171 1465">
    <p class='ocr_par' dir='ltr' id='par_1_2' title="bbox 191 416 1171 752">
     <span class='ocr_line' id='line_1_2' title="bbox 193 416 1134 452; baseline 0 -8"><span class='ocrx_word' id='word_1_5' title='bbox 193 417 254 451; x_wconf 86' lang='lat' dir='ltr'><strong>quia</strong></span> <span class='ocrx_word' id='word_1_6' title='bbox 269 417 346 444; x_wconf 86' lang='lat' dir='ltr'><strong>dicit:</strong></span> <span class='ocrx_word' id='word_1_7' title='bbox 362 417 542 452; x_wconf 79' lang='lat' dir='ltr'><strong>peccantes</strong></span> <span class='ocrx_word' id='word_1_8' title='bbox 558 424 667 443; x_wconf 81' lang='lat' dir='ltr'><strong>coram</strong></span> <span class='ocrx_word' id='word_1_9' title='bbox 684 416 835 443; x_wconf 79' lang='lat' dir='ltr'><strong>omnibus</strong></span> <span class='ocrx_word' id='word_1_10' title='bbox 852 424 961 451; x_wconf 80' lang='lat' dir='ltr'><strong>argue.</strong></span> <span class='ocrx_word' id='word_1_11' title='bbox 977 418 1014 444; x_wconf 87' lang='lat' dir='ltr'><strong>ut</strong></span> <span class='ocrx_word' id='word_1_12' title='bbox 1028 417 1134 444; x_wconf 84' lang='lat' dir='ltr'><strong>ceteri</strong></span> 
     </span>
     <span class='ocr_line' id='line_1_3' title="bbox 193 460 1137 495; baseline 0 -7"><span class='ocrx_word' id='word_1_13' title='bbox 193 462 346 488; x_wconf 87' lang='lat' dir='ltr'><strong>timorem</strong></span> <span class='ocrx_word' id='word_1_14' title='bbox 369 460 520 492; x_wconf 77' lang='lat' dir='ltr'><strong>habeant,</strong></span> <span class='ocrx_word' id='word_1_15' title='bbox 541 467 602 487; x_wconf 89' lang='lat' dir='ltr'><strong>cum</strong></span> <span class='ocrx_word' id='word_1_16' title='bbox 625 460 670 486; x_wconf 85' lang='lat' dir='ltr'><strong>illo</strong></span> <span class='ocrx_word' id='word_1_17' title='bbox 692 460 773 487; x_wconf 82' lang='lat' dir='ltr'><strong>dicat:</strong></span> <span class='ocrx_word' id='word_1_18' title='bbox 798 460 929 495; x_wconf 83' lang='lat' dir='ltr'><strong>corripe</strong></span> <span class='ocrx_word' id='word_1_19' title='bbox 952 468 1023 487; x_wconf 84' lang='lat' dir='ltr'><strong>eum</strong></span> <span class='ocrx_word' id='word_1_20' title='bbox 1045 460 1137 488; x_wconf 85' lang='lat' dir='ltr'><strong>inter</strong></span> 
     </span>
     <span class='ocr_line' id='line_1_4' title="bbox 192 504 1135 540; baseline 0 -8"><span class='ocrx_word' id='word_1_21' title='bbox 192 507 224 532; x_wconf 89' lang='lat' dir='ltr'><strong>te</strong></span> <span class='ocrx_word' id='word_1_22' title='bbox 240 507 272 532; x_wconf 85' lang='lat' dir='ltr'><strong>et</strong></span> <span class='ocrx_word' id='word_1_23' title='bbox 286 505 404 540; x_wconf 85' lang='lat' dir='ltr'><strong>ipsum.</strong></span> <span class='ocrx_word' id='word_1_24' title='bbox 424 506 565 539; x_wconf 86' lang='lat' dir='ltr'><strong>utrumque</strong></span> <span class='ocrx_word' id='word_1_25' title='bbox 581 504 650 531; x_wconf 90' lang='lat' dir='ltr'><strong>enim</strong></span> <span class='ocrx_word' id='word_1_26' title='bbox 664 504 811 531; x_wconf 84' lang='lat' dir='ltr'><strong>faciendum</strong></span> <span class='ocrx_word' id='word_1_27' title='bbox 827 506 876 537; x_wconf 81' lang='lat' dir='ltr'><strong>est,</strong></span> <span class='ocrx_word' id='word_1_28' title='bbox 892 505 962 532; x_wconf 84' lang='lat' dir='ltr'><strong>sicut</strong></span> <span class='ocrx_word' id='word_1_29' title='bbox 975 504 1135 533; x_wconf 80' lang='lat' dir='ltr'><strong>infimitatis</strong></span> 
     </span>
     <span class='ocr_line' id='line_1_5' title="bbox 193 548 1136 584; baseline 0 -8"><span class='ocrx_word' id='word_1_30' title='bbox 193 549 332 577; x_wconf 84' lang='lat' dir='ltr'><strong>diuersitas</strong></span> <span class='ocrx_word' id='word_1_31' title='bbox 355 548 478 576; x_wconf 87' lang='lat' dir='ltr'><strong>admonet</strong></span> <span class='ocrx_word' id='word_1_32' title='bbox 503 556 602 580; x_wconf 75' lang='lat' dir='ltr'><strong>eorum,</strong></span> <span class='ocrx_word' id='word_1_33' title='bbox 626 556 692 582; x_wconf 91' lang='lat' dir='ltr'><strong>quos</strong></span> <span class='ocrx_word' id='word_1_34' title='bbox 719 548 811 582; x_wconf 83' lang='lat' dir='ltr'><strong>utique</strong></span> <span class='ocrx_word' id='word_1_35' title='bbox 836 556 886 576; x_wconf 88' lang='lat' dir='ltr'><strong>non</strong></span> <span class='ocrx_word' id='word_1_36' title='bbox 911 548 1065 584; x_wconf 83' lang='lat' dir='ltr'><strong>perdendos,</strong></span> <span class='ocrx_word' id='word_1_37' title='bbox 1088 549 1136 577; x_wconf 80' lang='lat' dir='ltr'><strong>sed</strong></span> 
     </span>
     <span class='ocr_line' id='line_1_6' title="bbox 192 593 1171 629; baseline -0.001 -8"><span class='ocrx_word' id='word_1_38' title='bbox 192 593 358 629; x_wconf 86' lang='lat' dir='ltr'><strong>corrigendos</strong></span> <span class='ocrx_word' id='word_1_39' title='bbox 377 593 556 627; x_wconf 77' lang='lat' dir='ltr'><strong>curandosque</strong></span> <span class='ocrx_word' id='word_1_40' title='bbox 575 593 749 627; x_wconf 77' lang='lat' dir='ltr'><strong>suscepimus,</strong></span> <span class='ocrx_word' id='word_1_41' title='bbox 765 594 792 619; x_wconf 91' lang='lat' dir='ltr'><strong>et</strong></span> <span class='ocrx_word' id='word_1_42' title='bbox 810 593 877 619; x_wconf 87' lang='lat' dir='ltr'><strong>alius</strong></span> <span class='ocrx_word' id='word_1_43' title='bbox 897 593 944 626; x_wconf 79' lang='lat' dir='ltr'><strong>sic,</strong></span> <span class='ocrx_word' id='word_1_44' title='bbox 959 593 1027 620; x_wconf 82' lang='lat' dir='ltr'><strong>alius</strong></span> <span class='ocrx_word' id='word_1_45' title='bbox 1046 595 1135 620; x_wconf 79' lang='lat' dir='ltr'><strong>autem</strong></span> <span class='ocrx_word' id='word_1_46' title='bbox 1160 602 1171 619; x_wconf 72' lang='grc' dir='ltr'>ε</span> 
     </span>
     <span class='ocr_line' id='line_1_7' title="bbox 192 636 1136 665; baseline -0.001 0"><span class='ocrx_word' id='word_1_47' title='bbox 192 638 231 665; x_wconf 87' lang='lat' dir='ltr'><strong>sic</strong></span> <span class='ocrx_word' id='word_1_48' title='bbox 250 637 379 665; x_wconf 84' lang='lat' dir='ltr'><strong>sanandus</strong></span> <span class='ocrx_word' id='word_1_49' title='bbox 399 639 446 665; x_wconf 77' lang='lat' dir='ltr'><strong>eet.</strong></span> <span class='ocrx_word' id='word_1_50' title='bbox 464 637 503 664; x_wconf 84' lang='lat' dir='ltr'><strong>ita</strong></span> <span class='ocrx_word' id='word_1_51' title='bbox 522 637 601 664; x_wconf 85' lang='lat' dir='ltr'><strong>etiam</strong></span> <span class='ocrx_word' id='word_1_52' title='bbox 621 638 662 664; x_wconf 88' lang='lat' dir='ltr'><strong>est</strong></span> <span class='ocrx_word' id='word_1_53' title='bbox 680 636 746 664; x_wconf 88' lang='lat' dir='ltr'><strong>ratio</strong></span> <span class='ocrx_word' id='word_1_54' title='bbox 765 636 948 664; x_wconf 81' lang='lat' dir='ltr'><strong>dissimulandi</strong></span> <span class='ocrx_word' id='word_1_55' title='bbox 967 639 994 665; x_wconf 86' lang='lat' dir='ltr'><strong>et</strong></span> <span class='ocrx_word' id='word_1_56' title='bbox 1007 637 1136 665; x_wconf 82' lang='lat' dir='ltr'><strong>tolerandi</strong></span> 
     </span>
     <span class='ocr_line' id='line_1_8' title="bbox 191 680 1134 716; baseline 0.001 -8"><span class='ocrx_word' id='word_1_57' title='bbox 191 682 274 709; x_wconf 86' lang='lat' dir='ltr'><strong>malos</strong></span> <span class='ocrx_word' id='word_1_58' title='bbox 297 681 323 708; x_wconf 90' lang='lat' dir='ltr'><strong>in</strong></span> <span class='ocrx_word' id='word_1_59' title='bbox 347 681 469 712; x_wconf 61' lang='lat' dir='ltr'><strong>ecclesian</strong></span> <span class='ocrx_word' id='word_1_60' title='bbox 490 682 518 708; x_wconf 91' lang='lat' dir='ltr'><strong>et</strong></span> <span class='ocrx_word' id='word_1_61' title='bbox 535 682 577 707; x_wconf 89' lang='lat' dir='ltr'><strong>est</strong></span> <span class='ocrx_word' id='word_1_62' title='bbox 595 688 686 707; x_wconf 83' lang='lat' dir='ltr'><strong>rursus</strong></span> <span class='ocrx_word' id='word_1_63' title='bbox 706 680 772 708; x_wconf 83' lang='lat' dir='ltr'><strong>ratio</strong></span> <span class='ocrx_word' id='word_1_64' title='bbox 792 681 947 715; x_wconf 81' lang='lat' dir='ltr'><strong>castigandi,</strong></span> <span class='ocrx_word' id='word_1_65' title='bbox 970 681 1134 716; x_wconf 75' lang='lat' dir='ltr'><strong>corripiendi,</strong></span> 
     </span>
     <span class='ocr_line' id='line_1_9' title="bbox 191 724 888 752; baseline -0.001 0"><span class='ocrx_word' id='word_1_66' title='bbox 191 733 241 752; x_wconf 87' lang='lat' dir='ltr'><strong>non</strong></span> <span class='ocrx_word' id='word_1_67' title='bbox 260 724 416 752; x_wconf 81' lang='lat' dir='ltr'><strong>admittendi</strong></span> <span class='ocrx_word' id='word_1_68' title='bbox 434 725 478 752; x_wconf 87' lang='lat' dir='ltr'><strong>uel</strong></span> <span class='ocrx_word' id='word_1_69' title='bbox 496 732 512 752; x_wconf 83' lang='lat' dir='ltr'><strong>a</strong></span> <span class='ocrx_word' id='word_1_70' title='bbox 531 724 711 752; x_wconf 82' lang='lat' dir='ltr'><strong>communione</strong></span> <span class='ocrx_word' id='word_1_71' title='bbox 730 724 888 752; x_wconf 84' lang='lat' dir='ltr'><strong>remouendi.</strong></span> 
     </span>
    </p>

    <p class='ocr_par' dir='ltr' id='par_1_3' title="bbox 190 768 1171 1465">
     <span class='ocr_line' id='line_1_10' title="bbox 227 768 1137 802; baseline 0.001 -6"><span class='ocrx_word' id='word_1_72' title='bbox 227 769 288 796; x_wconf 87' lang='lat'>1111.</span> <span class='ocrx_word' id='word_1_73' title='bbox 312 770 338 796; x_wconf 90' lang='lat'><strong>5.</strong></span> <span class='ocrx_word' id='word_1_74' title='bbox 361 769 454 796; x_wconf 81' lang='lat' dir='ltr'><strong>Errant</strong></span> <span class='ocrx_word' id='word_1_75' title='bbox 475 770 563 796; x_wconf 87' lang='lat' dir='ltr'><strong>autem</strong></span> <span class='ocrx_word' id='word_1_76' title='bbox 585 768 705 796; x_wconf 87' lang='lat' dir='ltr'><strong>homines</strong></span> <span class='ocrx_word' id='word_1_77' title='bbox 727 776 777 796; x_wconf 87' lang='lat' dir='ltr'><strong>non</strong></span> <span class='ocrx_word' id='word_1_78' title='bbox 801 771 935 796; x_wconf 79' lang='lat' dir='ltr'><strong>seruantes</strong></span> <span class='ocrx_word' id='word_1_79' title='bbox 961 768 1080 802; x_wconf 69' lang='lat' dir='ltr'><strong>modum</strong></span> <span class='ocrx_word' id='word_1_80' title='bbox 1108 771 1137 798; x_wconf 82' lang='lat' dir='ltr'><strong>et</strong></span> 
     </span>
     <span class='ocr_line' id='line_1_11' title="bbox 192 813 1171 848; baseline 0.001 -8"><span class='ocrx_word' id='word_1_81' title='bbox 192 821 251 840; x_wconf 87' lang='lat' dir='ltr'><strong>cum</strong></span> <span class='ocrx_word' id='word_1_82' title='bbox 274 814 301 840; x_wconf 89' lang='lat' dir='ltr'><strong>in</strong></span> <span class='ocrx_word' id='word_1_83' title='bbox 319 821 398 840; x_wconf 86' lang='lat' dir='ltr'><strong>unam</strong></span> <span class='ocrx_word' id='word_1_84' title='bbox 417 814 516 848; x_wconf 78' lang='lat' dir='ltr'><strong>partem</strong></span> <span class='ocrx_word' id='word_1_85' title='bbox 536 813 688 847; x_wconf 82' lang='lat' dir='ltr'><strong>procliuiter</strong></span> <span class='ocrx_word' id='word_1_86' title='bbox 705 813 743 840; x_wconf 87' lang='lat' dir='ltr'><strong>ire</strong></span> <span class='ocrx_word' id='word_1_87' title='bbox 762 814 903 848; x_wconf 78' lang='lat' dir='ltr'>coeperint,</span> <span class='ocrx_word' id='word_1_88' title='bbox 922 821 971 840; x_wconf 92' lang='lat' dir='ltr'><strong>non</strong></span> <span class='ocrx_word' id='word_1_89' title='bbox 990 813 1137 848; x_wconf 81' lang='lat' dir='ltr'><strong>respiciunt</strong></span> <span class='ocrx_word' id='word_1_90' title='bbox 1150 823 1171 841; x_wconf 80' lang='grc' dir='ltr'><strong>ιο</strong></span> 
     </span>
     <span class='ocr_line' id='line_1_12' title="bbox 192 856 1137 892; baseline 0.001 -8"><span class='ocrx_word' id='word_1_91' title='bbox 192 856 294 884; x_wconf 88' lang='lat' dir='ltr'><strong>diuinae</strong></span> <span class='ocrx_word' id='word_1_92' title='bbox 325 857 488 884; x_wconf 72' lang='lat' dir='ltr'><strong>auctoritatis</strong></span> <span class='ocrx_word' id='word_1_93' title='bbox 519 857 570 884; x_wconf 83' lang='lat' dir='ltr'><strong>alia</strong></span> <span class='ocrx_word' id='word_1_94' title='bbox 595 857 753 890; x_wconf 86' lang='lat' dir='ltr'><strong>testimonia,</strong></span> <span class='ocrx_word' id='word_1_95' title='bbox 780 857 876 891; x_wconf 81' lang='lat' dir='ltr'><strong>quibus</strong></span> <span class='ocrx_word' id='word_1_96' title='bbox 902 857 1005 892; x_wconf 80' lang='lat' dir='ltr'><strong>possint</strong></span> <span class='ocrx_word' id='word_1_97' title='bbox 1029 857 1062 885; x_wconf 86' lang='lat' dir='ltr'><strong>ab</strong></span> <span class='ocrx_word' id='word_1_98' title='bbox 1087 858 1137 885; x_wconf 82' lang='lat' dir='ltr'><strong>illa</strong></span> 
     </span>
     <span class='ocr_line' id='line_1_13' title="bbox 192 901 1134 936; baseline 0.001 -8"><span class='ocrx_word' id='word_1_99' title='bbox 192 901 334 928; x_wconf 88' lang='lat' dir='ltr'><strong>intentione</strong></span> <span class='ocrx_word' id='word_1_100' title='bbox 355 901 472 928; x_wconf 81' lang='lat' dir='ltr'><strong>reuocari</strong></span> <span class='ocrx_word' id='word_1_101' title='bbox 495 902 522 928; x_wconf 86' lang='lat' dir='ltr'><strong>et</strong></span> <span class='ocrx_word' id='word_1_102' title='bbox 543 901 568 928; x_wconf 89' lang='lat' dir='ltr'><strong>in</strong></span> <span class='ocrx_word' id='word_1_103' title='bbox 593 909 631 933; x_wconf 80' lang='lat' dir='ltr'><strong>es,</strong></span> <span class='ocrx_word' id='word_1_104' title='bbox 651 909 716 935; x_wconf 80' lang='lat' dir='ltr'><strong>quae</strong></span> <span class='ocrx_word' id='word_1_105' title='bbox 736 909 765 928; x_wconf 90' lang='lat' dir='ltr'><strong>ex</strong></span> <span class='ocrx_word' id='word_1_106' title='bbox 784 901 903 935; x_wconf 86' lang='lat' dir='ltr'><strong>utrisque</strong></span> <span class='ocrx_word' id='word_1_107' title='bbox 922 902 1066 936; x_wconf 84' lang='lat' dir='ltr'><strong>temperata</strong></span> <span class='ocrx_word' id='word_1_108' title='bbox 1084 904 1134 935; x_wconf 79' lang='lat' dir='ltr'><strong>est,</strong></span> 
     </span>
     <span class='ocr_line' id='line_1_14' title="bbox 191 945 1135 979; baseline 0.002 -7"><span class='ocrx_word' id='word_1_109' title='bbox 191 945 302 972; x_wconf 85' lang='lat' dir='ltr'><strong>ueritate</strong></span> <span class='ocrx_word' id='word_1_110' title='bbox 326 953 357 973; x_wconf 81' lang='lat' dir='ltr'><strong>ac</strong></span> <span class='ocrx_word' id='word_1_111' title='bbox 380 945 556 973; x_wconf 74' lang='lat' dir='ltr'><strong>moderatione</strong></span> <span class='ocrx_word' id='word_1_112' title='bbox 576 945 726 977; x_wconf 72' lang='lat' dir='ltr'><strong>consistere,</strong></span> <span class='ocrx_word' id='word_1_113' title='bbox 746 953 794 973; x_wconf 91' lang='lat' dir='ltr'><strong>nec</strong></span> <span class='ocrx_word' id='word_1_114' title='bbox 812 946 839 972; x_wconf 90' lang='lat' dir='ltr'><strong>in</strong></span> <span class='ocrx_word' id='word_1_115' title='bbox 858 946 907 973; x_wconf 81' lang='lat' dir='ltr'><strong>hac</strong></span> <span class='ocrx_word' id='word_1_116' title='bbox 925 953 952 972; x_wconf 93' lang='lat' dir='ltr'><strong>re</strong></span> <span class='ocrx_word' id='word_1_117' title='bbox 970 947 1082 979; x_wconf 78' lang='lat' dir='ltr'><strong>tantum.</strong></span> <span class='ocrx_word' id='word_1_118' title='bbox 1102 946 1135 974; x_wconf 91' lang='lat' dir='ltr'><strong>de</strong></span> 
     </span>
     <span class='ocr_line' id='line_1_15' title="bbox 192 989 1134 1024; baseline 0 -8"><span class='ocrx_word' id='word_1_119' title='bbox 192 997 243 1023; x_wconf 83' lang='lat' dir='ltr'><strong>qua</strong></span> <span class='ocrx_word' id='word_1_120' title='bbox 261 997 329 1017; x_wconf 90' lang='lat' dir='ltr'><strong>nunc</strong></span> <span class='ocrx_word' id='word_1_121' title='bbox 349 989 467 1023; x_wconf 77' lang='lat' dir='ltr'><strong>quaestio</strong></span> <span class='ocrx_word' id='word_1_122' title='bbox 488 990 536 1021; x_wconf 86' lang='lat' dir='ltr'><strong>est,</strong></span> <span class='ocrx_word' id='word_1_123' title='bbox 553 989 599 1016; x_wconf 87' lang='lat' dir='ltr'><strong>sed</strong></span> <span class='ocrx_word' id='word_1_124' title='bbox 618 989 697 1016; x_wconf 82' lang='lat' dir='ltr'><strong>etiam</strong></span> <span class='ocrx_word' id='word_1_125' title='bbox 716 989 742 1016; x_wconf 90' lang='lat' dir='ltr'><strong>in</strong></span> <span class='ocrx_word' id='word_1_126' title='bbox 758 989 817 1016; x_wconf 82' lang='lat' dir='ltr'><strong>eliis</strong></span> <span class='ocrx_word' id='word_1_127' title='bbox 832 989 933 1016; x_wconf 86' lang='lat' dir='ltr'><strong>multis.</strong></span> <span class='ocrx_word' id='word_1_128' title='bbox 952 997 1012 1016; x_wconf 88' lang='lat' dir='ltr'><strong>nam</strong></span> <span class='ocrx_word' id='word_1_129' title='bbox 1027 990 1134 1024; x_wconf 79' lang='lat' dir='ltr'><strong>quidam</strong></span> 
     </span>
     <span class='ocr_line' id='line_1_16' title="bbox 191 1033 1171 1067; baseline 0.001 -7"><span class='ocrx_word' id='word_1_130' title='bbox 191 1033 321 1060; x_wconf 88' lang='lat' dir='ltr'><strong>intuentes</strong></span> <span class='ocrx_word' id='word_1_131' title='bbox 345 1033 492 1060; x_wconf 75' lang='lat' dir='ltr'><strong>diuinarum</strong></span> <span class='ocrx_word' id='word_1_132' title='bbox 515 1033 667 1060; x_wconf 81' lang='lat' dir='ltr'><strong>testimonia</strong></span> <span class='ocrx_word' id='word_1_133' title='bbox 686 1033 841 1066; x_wconf 82' lang='lat' dir='ltr'><strong>litterarum.</strong></span> <span class='ocrx_word' id='word_1_134' title='bbox 861 1033 957 1067; x_wconf 87' lang='lat' dir='ltr'><strong>quibus</strong></span> <span class='ocrx_word' id='word_1_135' title='bbox 981 1041 1049 1061; x_wconf 88' lang='lat' dir='ltr'><strong>unus</strong></span> <span class='ocrx_word' id='word_1_136' title='bbox 1068 1033 1134 1061; x_wconf 86' lang='lat' dir='ltr'><strong>deus</strong></span> <span class='ocrx_word' id='word_1_137' title='bbox 1149 1044 1171 1062; x_wconf 77' lang='grc' dir='ltr'><strong>ιι</strong></span> 
     </span>
     <span class='ocr_line' id='line_1_17' title="bbox 192 1076 1134 1112; baseline 0.001 -8"><span class='ocrx_word' id='word_1_138' title='bbox 192 1077 315 1105; x_wconf 87' lang='lat' dir='ltr'><strong>colendus</strong></span> <span class='ocrx_word' id='word_1_139' title='bbox 338 1076 493 1109; x_wconf 80' lang='lat' dir='ltr'><strong>insinuatur,</strong></span> <span class='ocrx_word' id='word_1_140' title='bbox 513 1077 624 1105; x_wconf 87' lang='lat' dir='ltr'><strong>eundem</strong></span> <span class='ocrx_word' id='word_1_141' title='bbox 646 1079 755 1112; x_wconf 72' lang='lat' dir='ltr'><strong>patrem,</strong></span> <span class='ocrx_word' id='word_1_142' title='bbox 775 1077 821 1112; x_wconf 88' lang='lat' dir='ltr'><strong>qui</strong></span> <span class='ocrx_word' id='word_1_143' title='bbox 843 1081 886 1104; x_wconf 87' lang='lat' dir='ltr'><strong>est</strong></span> <span class='ocrx_word' id='word_1_144' title='bbox 902 1077 983 1110; x_wconf 81' lang='lat' dir='ltr'><strong>filius,</strong></span> <span class='ocrx_word' id='word_1_145' title='bbox 1002 1079 1134 1105; x_wconf 85' lang='lat' dir='ltr'><strong>sanctum-</strong></span> 
     </span>
     <span class='ocr_line' id='line_1_18' title="bbox 192 1121 1135 1156; baseline 0.001 -8"><span class='ocrx_word' id='word_1_146' title='bbox 192 1130 242 1156; x_wconf 90' lang='lat' dir='ltr'><strong>que</strong></span> <span class='ocrx_word' id='word_1_147' title='bbox 265 1121 387 1156; x_wconf 85' lang='lat' dir='ltr'><strong>spiritum</strong></span> <span class='ocrx_word' id='word_1_148' title='bbox 409 1122 579 1156; x_wconf 77' lang='lat' dir='ltr'><strong>putauerunt3</strong></span> <span class='ocrx_word' id='word_1_149' title='bbox 603 1121 648 1148; x_wconf 80' lang='lat' dir='ltr'><strong>alii</strong></span> <span class='ocrx_word' id='word_1_150' title='bbox 672 1129 763 1149; x_wconf 86' lang='lat' dir='ltr'><strong>rursus</strong></span> <span class='ocrx_word' id='word_1_151' title='bbox 785 1121 871 1149; x_wconf 89' lang='lat' dir='ltr'><strong>ueluti</strong></span> <span class='ocrx_word' id='word_1_152' title='bbox 893 1121 983 1149; x_wconf 91' lang='lat' dir='ltr'><strong>morbo</strong></span> <span class='ocrx_word' id='word_1_153' title='bbox 1005 1122 1135 1149; x_wconf 85' lang='lat' dir='ltr'><strong>contrario</strong></span> 
     </span>
     <span class='ocr_line' id='line_1_19' title="bbox 190 1165 1134 1200; baseline 0 -8"><span class='ocrx_word' id='word_1_154' title='bbox 190 1165 346 1199; x_wconf 76' lang='lat' dir='ltr'><strong>laborantes,</strong></span> <span class='ocrx_word' id='word_1_155' title='bbox 373 1173 432 1192; x_wconf 90' lang='lat' dir='ltr'><strong>cum</strong></span> <span class='ocrx_word' id='word_1_156' title='bbox 459 1165 629 1192; x_wconf 77' lang='lat' dir='ltr'><strong>adtenderent</strong></span> <span class='ocrx_word' id='word_1_157' title='bbox 654 1173 692 1198; x_wconf 85' lang='lat' dir='ltr'><strong>ea,</strong></span> <span class='ocrx_word' id='word_1_158' title='bbox 719 1165 815 1200; x_wconf 89' lang='lat' dir='ltr'><strong>quibus</strong></span> <span class='ocrx_word' id='word_1_159' title='bbox 846 1165 948 1193; x_wconf 74' lang='lat' dir='ltr'><strong>trinitas</strong></span> <span class='ocrx_word' id='word_1_160' title='bbox 978 1165 1134 1199; x_wconf 75' lang='lat' dir='ltr'><strong>declaratur,</strong></span> 
     </span>
     <span class='ocr_line' id='line_1_20' title="bbox 192 1209 1137 1245; baseline 0.001 -9"><span class='ocrx_word' id='word_1_161' title='bbox 192 1217 240 1236; x_wconf 86' lang='lat' dir='ltr'><strong>nec</strong></span> <span class='ocrx_word' id='word_1_162' title='bbox 259 1210 374 1237; x_wconf 79' lang='lat' dir='ltr'><strong>ualerent</strong></span> <span class='ocrx_word' id='word_1_163' title='bbox 392 1210 553 1245; x_wconf 80' lang='lat' dir='ltr'><strong>intellegere,</strong></span> <span class='ocrx_word' id='word_1_164' title='bbox 568 1209 698 1244; x_wconf 85' lang='lat' dir='ltr'><strong>quomodo</strong></span> <span class='ocrx_word' id='word_1_165' title='bbox 719 1210 753 1236; x_wconf 91' lang='lat' dir='ltr'><strong>sit</strong></span> <span class='ocrx_word' id='word_1_166' title='bbox 771 1217 839 1236; x_wconf 90' lang='lat' dir='ltr'><strong>unus</strong></span> <span class='ocrx_word' id='word_1_167' title='bbox 854 1209 929 1241; x_wconf 84' lang='lat' dir='ltr'><strong>deus,</strong></span> <span class='ocrx_word' id='word_1_168' title='bbox 945 1217 1005 1236; x_wconf 89' lang='lat' dir='ltr'><strong>cum</strong></span> <span class='ocrx_word' id='word_1_169' title='bbox 1020 1210 1047 1236; x_wconf 86' lang='lat' dir='ltr'><strong>et</strong></span> <span class='ocrx_word' id='word_1_170' title='bbox 1060 1211 1137 1244; x_wconf 77' lang='lat' dir='ltr'><strong>pater</strong></span> 
     </span>
     <span class='ocr_line' id='line_1_21' title="bbox 191 1253 1171 1289; baseline 0.002 -9"><span class='ocrx_word' id='word_1_171' title='bbox 191 1261 242 1280; x_wconf 91' lang='lat' dir='ltr'><strong>non</strong></span> <span class='ocrx_word' id='word_1_172' title='bbox 261 1253 297 1280; x_wconf 92' lang='lat' dir='ltr'><strong>sit</strong></span> <span class='ocrx_word' id='word_1_173' title='bbox 314 1253 385 1281; x_wconf 90' lang='lat' dir='ltr'><strong>filius</strong></span> <span class='ocrx_word' id='word_1_174' title='bbox 403 1261 451 1281; x_wconf 87' lang='lat' dir='ltr'><strong>nec</strong></span> <span class='ocrx_word' id='word_1_175' title='bbox 466 1253 536 1280; x_wconf 86' lang='lat' dir='ltr'><strong>filius</strong></span> <span class='ocrx_word' id='word_1_176' title='bbox 553 1253 589 1280; x_wconf 86' lang='lat' dir='ltr'><strong>sit</strong></span> <span class='ocrx_word' id='word_1_177' title='bbox 603 1255 676 1289; x_wconf 82' lang='lat' dir='ltr'><strong>pater</strong></span> <span class='ocrx_word' id='word_1_178' title='bbox 691 1261 737 1280; x_wconf 90' lang='lat' dir='ltr'><strong>nec</strong></span> <span class='ocrx_word' id='word_1_179' title='bbox 753 1253 862 1289; x_wconf 86' lang='lat' dir='ltr'><strong>spiritus</strong></span> <span class='ocrx_word' id='word_1_180' title='bbox 878 1255 985 1281; x_wconf 70' lang='lat' dir='ltr'><strong>sanctus</strong></span> <span class='ocrx_word' id='word_1_181' title='bbox 1001 1255 1047 1280; x_wconf 86' lang='lat' dir='ltr'><strong>aut</strong></span> <span class='ocrx_word' id='word_1_182' title='bbox 1061 1254 1134 1282; x_wconf 83' lang='lat' dir='ltr'><strong>filins</strong></span> <span class='ocrx_word' id='word_1_183' title='bbox 1149 1266 1171 1283; x_wconf 72' lang='lat' dir='ltr'><strong>a·</strong></span> 
     </span>
     <span class='ocr_line' id='line_1_22' title="bbox 192 1298 1135 1333; baseline 0 -8"><span class='ocrx_word' id='word_1_184' title='bbox 192 1299 238 1325; x_wconf 83' lang='lat' dir='ltr'><strong>aut</strong></span> <span class='ocrx_word' id='word_1_185' title='bbox 256 1300 337 1333; x_wconf 79' lang='lat' dir='ltr'><strong>pater,</strong></span> <span class='ocrx_word' id='word_1_186' title='bbox 357 1298 523 1325; x_wconf 85' lang='lat' dir='ltr'><strong>diuersitates</strong></span> <span class='ocrx_word' id='word_1_187' title='bbox 539 1298 618 1325; x_wconf 83' lang='lat' dir='ltr'><strong>etiam</strong></span> <span class='ocrx_word' id='word_1_188' title='bbox 634 1298 839 1325; x_wconf 71' lang='lat' dir='ltr'><strong>substantiarum</strong></span> <span class='ocrx_word' id='word_1_189' title='bbox 858 1298 1010 1325; x_wconf 83' lang='lat' dir='ltr'><strong>asserendae</strong></span> <span class='ocrx_word' id='word_1_190' title='bbox 1025 1299 1135 1332; x_wconf 81' lang='lat' dir='ltr'><strong>putsne-</strong></span> 
     </span>
     <span class='ocr_line' id='line_1_23' title="bbox 191 1341 1134 1377; baseline 0.002 -9"><span class='ocrx_word' id='word_1_191' title='bbox 191 1343 259 1369; x_wconf 88' lang='lat' dir='ltr'><strong>runt.</strong></span> <span class='ocrx_word' id='word_1_192' title='bbox 276 1341 381 1377; x_wconf 82' lang='lat' dir='ltr'><strong>quidam</strong></span> <span class='ocrx_word' id='word_1_193' title='bbox 392 1342 524 1370; x_wconf 86' lang='lat' dir='ltr'><strong>intuentes</strong></span> <span class='ocrx_word' id='word_1_194' title='bbox 539 1342 565 1369; x_wconf 88' lang='lat' dir='ltr'><strong>in</strong></span> <span class='ocrx_word' id='word_1_195' title='bbox 581 1342 718 1377; x_wconf 84' lang='lat' dir='ltr'><strong>scripturis</strong></span> <span class='ocrx_word' id='word_1_196' title='bbox 734 1343 838 1369; x_wconf 82' lang='lat' dir='ltr'><strong>sanctae</strong></span> <span class='ocrx_word' id='word_1_197' title='bbox 853 1342 1014 1377; x_wconf 83' lang='lat' dir='ltr'><strong>uirginitatis</strong></span> <span class='ocrx_word' id='word_1_198' title='bbox 1027 1342 1134 1370; x_wconf 82' lang='lat' dir='ltr'><strong>laudem</strong></span> 
     </span>
     <span class='ocr_line' id='line_1_24' title="bbox 191 1386 1134 1420; baseline 0.002 -8"><span class='ocrx_word' id='word_1_199' title='bbox 191 1386 301 1413; x_wconf 82' lang='lat' dir='ltr'><strong>conubia</strong></span> <span class='ocrx_word' id='word_1_200' title='bbox 311 1386 509 1417; x_wconf 57' lang='lat' dir='ltr'><strong>dammum-unu</strong></span> <span class='ocrx_word' id='word_1_201' title='bbox 523 1386 629 1420; x_wconf 82' lang='lat' dir='ltr'><strong>quidam</strong></span> <span class='ocrx_word' id='word_1_202' title='bbox 640 1393 730 1413; x_wconf 88' lang='lat' dir='ltr'><strong>rursus</strong></span> <span class='ocrx_word' id='word_1_203' title='bbox 743 1394 773 1413; x_wconf 82' lang='lat' dir='ltr'><strong>ea</strong></span> <span class='ocrx_word' id='word_1_204' title='bbox 783 1386 933 1413; x_wconf 85' lang='lat' dir='ltr'><strong>testimonia</strong></span> <span class='ocrx_word' id='word_1_205' title='bbox 944 1387 1134 1420; x_wconf 84' lang='lat' dir='ltr'><strong>consectantes,</strong></span> 
     </span>
     <span class='ocr_line' id='line_1_25' title="bbox 193 1429 1135 1465; baseline 0.001 -9"><span class='ocrx_word' id='word_1_206' title='bbox 193 1429 288 1463; x_wconf 89' lang='lat' dir='ltr'><strong>quibus</strong></span> <span class='ocrx_word' id='word_1_207' title='bbox 304 1431 377 1457; x_wconf 84' lang='lat' dir='ltr'><strong>casta</strong></span> <span class='ocrx_word' id='word_1_208' title='bbox 392 1430 513 1465; x_wconf 82' lang='lat' dir='ltr'><strong>coniugia</strong></span> <span class='ocrx_word' id='word_1_209' title='bbox 526 1429 716 1464; x_wconf 79' lang='lat' dir='ltr'><strong>praedicantur,</strong></span> <span class='ocrx_word' id='word_1_210' title='bbox 732 1430 910 1465; x_wconf 74' lang='lat' dir='ltr'><strong>uirginitatem</strong></span> <span class='ocrx_word' id='word_1_211' title='bbox 926 1430 1025 1464; x_wconf 84' lang='lat' dir='ltr'><strong>nuptiis</strong></span> <span class='ocrx_word' id='word_1_212' title='bbox 1040 1438 1135 1465; x_wconf 78' lang='lat' dir='ltr'><strong>aequa-</strong></span> 
     </span>
    </p>
   </div>
   <div class='ocr_carea' id='block_1_3' title="bbox 267 1529 459 1558">
    <p class='ocr_par' dir='ltr' id='par_1_4' title="bbox 267 1529 459 1558">
     <span class='ocr_line' id='line_1_26' title="bbox 267 1529 459 1558; baseline 0 -5"><span class='ocrx_word' id='word_1_213' title='bbox 267 1531 277 1553; x_wconf 91' lang='lat'>1</span> <span class='ocrx_word' id='word_1_214' title='bbox 294 1530 306 1553; x_wconf 93' lang='lat'>1</span> <span class='ocrx_word' id='word_1_215' title='bbox 320 1529 377 1553; x_wconf 85' lang='lat' dir='ltr'><strong>Tim.</strong></span> <span class='ocrx_word' id='word_1_216' title='bbox 393 1531 414 1558; x_wconf 85' lang='lat'><strong>5,</strong></span> <span class='ocrx_word' id='word_1_217' title='bbox 430 1530 459 1553; x_wconf 83' lang='lat'><strong>20</strong></span> 
     </span>
    </p>
   </div>
   <div class='ocr_carea' id='block_1_4' title="bbox 191 1580 1138 1978">
    <p class='ocr_par' dir='ltr' id='par_1_5' title="bbox 191 1580 1138 1978">
     <span class='ocr_line' id='line_1_27' title="bbox 222 1580 1137 1611; baseline 0.001 -8"><span class='ocrx_word' id='word_1_218' title='bbox 222 1581 233 1603; x_wconf 94' lang='lat' dir='ltr'><strong>l</strong></span> <span class='ocrx_word' id='word_1_219' title='bbox 250 1581 377 1604; x_wconf 85' lang='lat' dir='ltr'><strong>hominibus</strong></span> <span class='ocrx_word' id='word_1_220' title='bbox 392 1581 441 1604; x_wconf 77' lang='lat' dir='ltr'><strong>SM</strong></span> <span class='ocrx_word' id='word_1_221' title='bbox 453 1581 578 1604; x_wconf 69' lang='lat' dir='ltr'><strong>nom-nibus</strong></span> <span class='ocrx_word' id='word_1_222' title='bbox 593 1580 616 1604; x_wconf 80' lang='lat' dir='ltr'><strong><em>R</em></strong></span> <span class='ocrx_word' id='word_1_223' title='bbox 687 1581 764 1611; x_wconf 75' lang='lat' dir='ltr'><strong>argue]</strong></span> <span class='ocrx_word' id='word_1_224' title='bbox 781 1581 866 1611; x_wconf 71' lang='lat' dir='ltr'><strong>corripe</strong></span> <span class='ocrx_word' id='word_1_225' title='bbox 881 1580 974 1604; x_wconf 76' lang='lat' dir='ltr'><strong><em>SMRB</em></strong></span> <span class='ocrx_word' id='word_1_226' title='bbox 989 1581 1094 1611; x_wconf 81' lang='lat' dir='ltr'><strong>corripite</strong></span> <span class='ocrx_word' id='word_1_227' title='bbox 1108 1581 1137 1604; x_wconf 76' lang='lat' dir='ltr'><strong><em>N</em></strong></span> 
     </span>
     <span class='ocr_line' id='line_1_28' title="bbox 193 1617 1134 1647; baseline 0.002 -7"><span class='ocrx_word' id='word_1_228' title='bbox 193 1618 284 1646; x_wconf 71' lang='lat' dir='ltr'><strong>corripit</strong></span> <span class='ocrx_word' id='word_1_229' title='bbox 299 1618 321 1640; x_wconf 74' lang='lat' dir='ltr'><strong><em>A</em></strong></span> <span class='ocrx_word' id='word_1_230' title='bbox 380 1618 394 1641; x_wconf 87' lang='grc'><strong>3</strong></span> <span class='ocrx_word' id='word_1_231' title='bbox 410 1619 468 1641; x_wconf 82' lang='lat' dir='ltr'><strong>sicut</strong></span> <span class='ocrx_word' id='word_1_232' title='bbox 483 1619 524 1647; x_wconf 75' lang='lat' dir='ltr'><strong>(sic</strong></span> <span class='ocrx_word' id='word_1_233' title='bbox 537 1625 555 1641; x_wconf 80' lang='lat' dir='ltr'><strong>e.</strong></span> <span class='ocrx_word' id='word_1_234' title='bbox 570 1625 617 1642; x_wconf 68' lang='lat' dir='ltr'><strong>ran.</strong></span> <span class='ocrx_word' id='word_1_235' title='bbox 633 1625 661 1642; x_wconf 82' lang='lat' dir='ltr'><strong>m.</strong></span> <span class='ocrx_word' id='word_1_236' title='bbox 677 1620 701 1646; x_wconf 83' lang='lat'><strong>2)</strong></span> <span class='ocrx_word' id='word_1_237' title='bbox 716 1618 739 1641; x_wconf 88' lang='lat' dir='ltr'><em>B</em></span> <span class='ocrx_word' id='word_1_238' title='bbox 802 1619 826 1641; x_wconf 82' lang='lat' dir='ltr'><strong>et</strong></span> <span class='ocrx_word' id='word_1_239' title='bbox 840 1618 977 1641; x_wconf 67' lang='lat' dir='ltr'><strong>infirmitatis</strong></span> <span class='ocrx_word' id='word_1_240' title='bbox 992 1617 1134 1642; x_wconf 72' lang='lat' dir='ltr'><strong><em>SMRBNA</em></strong></span> 
     </span>
     <span class='ocr_line' id='line_1_29' title="bbox 192 1654 1133 1686; baseline 0.003 -10"><span class='ocrx_word' id='word_1_241' title='bbox 192 1655 206 1676; x_wconf 84' lang='lat'>4</span> <span class='ocrx_word' id='word_1_242' title='bbox 222 1656 334 1677; x_wconf 77' lang='lat' dir='ltr'><strong>ammonet</strong></span> <span class='ocrx_word' id='word_1_243' title='bbox 348 1654 489 1678; x_wconf 76' lang='lat' dir='ltr'><strong><em>SMRBNP</em></strong></span> <span class='ocrx_word' id='word_1_244' title='bbox 560 1656 574 1678; x_wconf 85' lang='lat'><strong>5</strong></span> <span class='ocrx_word' id='word_1_245' title='bbox 590 1655 724 1684; x_wconf 76' lang='lat' dir='ltr'><strong>suscipimus</strong></span> <span class='ocrx_word' id='word_1_246' title='bbox 738 1654 829 1677; x_wconf 74' lang='lat' dir='ltr'><strong><em>BNPA</em></strong></span> <span class='ocrx_word' id='word_1_247' title='bbox 894 1655 950 1677; x_wconf 75' lang='lat' dir='ltr'><strong>alios</strong></span> <span class='ocrx_word' id='word_1_248' title='bbox 966 1654 1026 1678; x_wconf 67' lang='lat'><strong>8¹3¹</strong></span> <span class='ocrx_word' id='word_1_249' title='bbox 1091 1655 1133 1686; x_wconf 69' lang='lat' dir='ltr'><strong>uie]</strong></span> 
     </span>
     <span class='ocr_line' id='line_1_30' title="bbox 192 1690 1134 1718; baseline 0.002 -5"><span class='ocrx_word' id='word_1_250' title='bbox 192 1691 223 1713; x_wconf 80' lang='lat' dir='ltr'><strong>si·</strong></span> <span class='ocrx_word' id='word_1_251' title='bbox 239 1692 259 1718; x_wconf 92' lang='lat' dir='ltr'><strong>(t</strong></span> <span class='ocrx_word' id='word_1_252' title='bbox 274 1693 313 1718; x_wconf 72' lang='lat' dir='ltr'><strong>er.)</strong></span> <span class='ocrx_word' id='word_1_253' title='bbox 329 1690 349 1714; x_wconf 82' lang='lat' dir='ltr'><em>S</em></span> <span class='ocrx_word' id='word_1_254' title='bbox 403 1692 417 1715; x_wconf 80' lang='lat'>6</span> <span class='ocrx_word' id='word_1_255' title='bbox 432 1692 551 1714; x_wconf 75' lang='lat' dir='ltr'><strong>tollerandi</strong></span> <span class='ocrx_word' id='word_1_256' title='bbox 567 1691 590 1714; x_wconf 85' lang='lat' dir='ltr'><strong><em>P</em></strong></span> <span class='ocrx_word' id='word_1_257' title='bbox 602 1691 726 1714; x_wconf 70' lang='lat' dir='ltr'><strong>tmlermdi</strong></span> <span class='ocrx_word' id='word_1_258' title='bbox 740 1691 769 1714; x_wconf 86' lang='lat' dir='ltr'><em>N</em></span> <span class='ocrx_word' id='word_1_259' title='bbox 820 1692 833 1714; x_wconf 85' lang='lat'><strong>7</strong></span> <span class='ocrx_word' id='word_1_260' title='bbox 850 1693 873 1714; x_wconf 86' lang='lat' dir='ltr'><strong>et</strong></span> <span class='ocrx_word' id='word_1_261' title='bbox 888 1698 930 1714; x_wconf 75' lang='lat' dir='ltr'><strong>om.</strong></span> <span class='ocrx_word' id='word_1_262' title='bbox 945 1691 969 1714; x_wconf 87' lang='lat' dir='ltr'><em>P</em></span> <span class='ocrx_word' id='word_1_263' title='bbox 1026 1693 1051 1715; x_wconf 87' lang='lat' dir='ltr'><strong>et</strong></span> <span class='ocrx_word' id='word_1_264' title='bbox 1065 1692 1134 1715; x_wconf 75' lang='lat' dir='ltr'><strong>corti·</strong></span> 
     </span>
     <span class='ocr_line' id='line_1_31' title="bbox 192 1727 1134 1757; baseline 0.002 -7"><span class='ocrx_word' id='word_1_265' title='bbox 192 1727 268 1757; x_wconf 83' lang='lat' dir='ltr'><strong>piendi</strong></span> <span class='ocrx_word' id='word_1_266' title='bbox 284 1728 314 1751; x_wconf 75' lang='lat' dir='ltr'><strong>bd</strong></span> <span class='ocrx_word' id='word_1_267' title='bbox 358 1728 372 1750; x_wconf 89' lang='lat'>8</span> <span class='ocrx_word' id='word_1_268' title='bbox 387 1728 507 1751; x_wconf 74' lang='lat' dir='ltr'><strong>mittendi</strong></span> <span class='ocrx_word' id='word_1_269' title='bbox 519 1727 683 1751; x_wconf 79' lang='lat' dir='ltr'><strong><em>SMRBNPX</em></strong></span> <span class='ocrx_word' id='word_1_270' title='bbox 739 1735 754 1751; x_wconf 73' lang='lat' dir='ltr'><strong>a</strong></span> <span class='ocrx_word' id='word_1_271' title='bbox 767 1735 785 1751; x_wconf 76' lang='lat' dir='ltr'><strong>e.</strong></span> <span class='ocrx_word' id='word_1_272' title='bbox 801 1728 816 1751; x_wconf 84' lang='lat'><strong>1.</strong></span> <span class='ocrx_word' id='word_1_273' title='bbox 831 1736 860 1751; x_wconf 81' lang='lat' dir='ltr'><strong>m.</strong></span> <span class='ocrx_word' id='word_1_274' title='bbox 876 1730 889 1751; x_wconf 85' lang='lat'><em>1</em></span> <span class='ocrx_word' id='word_1_275' title='bbox 898 1728 930 1751; x_wconf 76' lang='lat' dir='ltr'><strong><em>M</em></strong></span> <span class='ocrx_word' id='word_1_276' title='bbox 972 1729 985 1751; x_wconf 87' lang='grc'>9</span> <span class='ocrx_word' id='word_1_277' title='bbox 1001 1728 1072 1752; x_wconf 69' lang='lat' dir='ltr'><strong>Erant</strong></span> <span class='ocrx_word' id='word_1_278' title='bbox 1082 1729 1134 1752; x_wconf 75' lang='lat' dir='ltr'><strong>MR</strong></span> 
     </span>
     <span class='ocr_line' id='line_1_32' title="bbox 194 1764 1138 1794; baseline 0.002 -7"><span class='ocrx_word' id='word_1_279' title='bbox 194 1765 222 1788; x_wconf 91' lang='lat'><strong>10</strong></span> <span class='ocrx_word' id='word_1_280' title='bbox 237 1765 337 1794; x_wconf 75' lang='lat' dir='ltr'><strong>ceperint</strong></span> <span class='ocrx_word' id='word_1_281' title='bbox 351 1764 424 1788; x_wconf 83' lang='lat' dir='ltr'><em>ZRS¹</em></span> <span class='ocrx_word' id='word_1_282' title='bbox 477 1765 504 1788; x_wconf 83' lang='lat'><strong>12</strong></span> <span class='ocrx_word' id='word_1_283' title='bbox 519 1771 589 1794; x_wconf 79' lang='lat' dir='ltr'><strong>esque</strong></span> <span class='ocrx_word' id='word_1_284' title='bbox 604 1765 661 1788; x_wconf 61' lang='lat'><strong>811¹</strong></span> <span class='ocrx_word' id='word_1_285' title='bbox 712 1772 769 1794; x_wconf 77' lang='lat' dir='ltr'><strong>quse</strong></span> <span class='ocrx_word' id='word_1_286' title='bbox 784 1771 826 1788; x_wconf 79' lang='lat' dir='ltr'><strong>om.</strong></span> <span class='ocrx_word' id='word_1_287' title='bbox 841 1765 874 1789; x_wconf 69' lang='lat'><strong>12¹</strong></span> <span class='ocrx_word' id='word_1_288' title='bbox 919 1766 946 1788; x_wconf 81' lang='lat'><strong>13</strong></span> <span class='ocrx_word' id='word_1_289' title='bbox 961 1765 1093 1789; x_wconf 76' lang='lat' dir='ltr'><strong>tantundem</strong></span> <span class='ocrx_word' id='word_1_290' title='bbox 1108 1765 1138 1789; x_wconf 74' lang='lat' dir='ltr'><strong><em>N</em></strong></span> 
     </span>
     <span class='ocr_line' id='line_1_33' title="bbox 192 1801 1134 1831; baseline 0.002 -7"><span class='ocrx_word' id='word_1_291' title='bbox 192 1801 220 1824; x_wconf 84' lang='lat' dir='ltr'><strong>de</strong></span> <span class='ocrx_word' id='word_1_292' title='bbox 235 1802 289 1831; x_wconf 70' lang='lat' dir='ltr'><strong>qun]</strong></span> <span class='ocrx_word' id='word_1_293' title='bbox 305 1801 332 1824; x_wconf 88' lang='lat' dir='ltr'><strong>de</strong></span> <span class='ocrx_word' id='word_1_294' title='bbox 347 1808 392 1824; x_wconf 77' lang='lat' dir='ltr'><strong>una</strong></span> <span class='ocrx_word' id='word_1_295' title='bbox 407 1801 500 1824; x_wconf 76' lang='lat' dir='ltr'><strong><em>SMRB</em></strong></span> <span class='ocrx_word' id='word_1_296' title='bbox 514 1808 559 1824; x_wconf 74' lang='lat' dir='ltr'><strong>uns</strong></span> <span class='ocrx_word' id='word_1_297' title='bbox 573 1801 600 1824; x_wconf 82' lang='lat' dir='ltr'><em>N</em></span> <span class='ocrx_word' id='word_1_298' title='bbox 613 1801 665 1828; x_wconf 82' lang='lat' dir='ltr'><strong>inde</strong></span> <span class='ocrx_word' id='word_1_299' title='bbox 680 1808 725 1824; x_wconf 82' lang='lat' dir='ltr'><strong>una</strong></span> <span class='ocrx_word' id='word_1_300' title='bbox 738 1802 762 1824; x_wconf 79' lang='grc' dir='ltr'><strong>Α.</strong></span> <span class='ocrx_word' id='word_1_301' title='bbox 856 1802 883 1825; x_wconf 82' lang='grc'><strong>14</strong></span> <span class='ocrx_word' id='word_1_302' title='bbox 898 1809 956 1825; x_wconf 82' lang='lat' dir='ltr'><strong>nuuc</strong></span> <span class='ocrx_word' id='word_1_303' title='bbox 970 1809 989 1825; x_wconf 73' lang='grc' dir='ltr'><strong>ε.</strong></span> <span class='ocrx_word' id='word_1_304' title='bbox 1004 1802 1020 1825; x_wconf 82' lang='lat'><strong>1.</strong></span> <span class='ocrx_word' id='word_1_305' title='bbox 1034 1810 1063 1825; x_wconf 69' lang='lat' dir='ltr'><strong>n.</strong></span> <span class='ocrx_word' id='word_1_306' title='bbox 1079 1804 1096 1826; x_wconf 80' lang='lat'><em>2</em></span> <span class='ocrx_word' id='word_1_307' title='bbox 1110 1803 1134 1826; x_wconf 66' lang='lat' dir='ltr'><em>A</em></span> 
     </span>
     <span class='ocr_line' id='line_1_34' title="bbox 193 1837 1134 1869; baseline 0.001 -8"><span class='ocrx_word' id='word_1_308' title='bbox 193 1838 221 1861; x_wconf 80' lang='lat'><strong>16</strong></span> <span class='ocrx_word' id='word_1_309' title='bbox 236 1839 279 1868; x_wconf 74' lang='lat' dir='ltr'><strong>eet]</strong></span> <span class='ocrx_word' id='word_1_310' title='bbox 297 1840 320 1861; x_wconf 84' lang='lat' dir='ltr'><strong>et</strong></span> <span class='ocrx_word' id='word_1_311' title='bbox 334 1837 357 1860; x_wconf 89' lang='lat' dir='ltr'><em>P</em></span> <span class='ocrx_word' id='word_1_312' title='bbox 422 1838 493 1861; x_wconf 74' lang='lat' dir='ltr'><strong>fllium</strong></span> <span class='ocrx_word' id='word_1_313' title='bbox 508 1838 532 1861; x_wconf 86' lang='grc' dir='ltr'><strong><em>Ρ</em></strong></span> <span class='ocrx_word' id='word_1_314' title='bbox 589 1838 617 1861; x_wconf 88' lang='lat'><strong>18</strong></span> <span class='ocrx_word' id='word_1_315' title='bbox 633 1845 660 1861; x_wconf 77' lang='lat' dir='ltr'><strong>ea</strong></span> <span class='ocrx_word' id='word_1_316' title='bbox 674 1838 764 1868; x_wconf 80' lang='lat' dir='ltr'><strong>quibus]</strong></span> <span class='ocrx_word' id='word_1_317' title='bbox 780 1839 874 1868; x_wconf 75' lang='lat' dir='ltr'><strong>aquibus</strong></span> <span class='ocrx_word' id='word_1_318' title='bbox 888 1839 912 1861; x_wconf 87' lang='lat' dir='ltr'><strong><em>P</em></strong></span> <span class='ocrx_word' id='word_1_319' title='bbox 969 1839 998 1861; x_wconf 84' lang='lat'><strong>20</strong></span> <span class='ocrx_word' id='word_1_320' title='bbox 1014 1841 1054 1861; x_wconf 73' lang='lat' dir='ltr'><strong>aut</strong></span> <span class='ocrx_word' id='word_1_321' title='bbox 1067 1841 1134 1869; x_wconf 67' lang='lat' dir='ltr'><strong>pater</strong></span> 
     </span>
     <span class='ocr_line' id='line_1_35' title="bbox 192 1875 1133 1906; baseline 0.002 -9"><span class='ocrx_word' id='word_1_322' title='bbox 192 1877 231 1898; x_wconf 75' lang='lat' dir='ltr'><strong>aut</strong></span> <span class='ocrx_word' id='word_1_323' title='bbox 242 1875 300 1898; x_wconf 78' lang='lat' dir='ltr'><strong>filius</strong></span> <span class='ocrx_word' id='word_1_324' title='bbox 311 1875 334 1897; x_wconf 80' lang='grc' dir='ltr'><strong>Ρ</strong></span> <span class='ocrx_word' id='word_1_325' title='bbox 373 1875 401 1898; x_wconf 83' lang='grc'><strong>21</strong></span> <span class='ocrx_word' id='word_1_326' title='bbox 414 1875 543 1898; x_wconf 66' lang='lat' dir='ltr'><strong>merenda</strong></span> <span class='ocrx_word' id='word_1_327' title='bbox 555 1875 731 1898; x_wconf 67' lang='lat' dir='ltr'><strong>nubutantimm</strong></span> <span class='ocrx_word' id='word_1_328' title='bbox 741 1875 765 1898; x_wconf 89' lang='lat' dir='ltr'><em>P</em></span> <span class='ocrx_word' id='word_1_329' title='bbox 808 1875 943 1898; x_wconf 71' lang='lat' dir='ltr'><strong>adserenda·</strong></span> <span class='ocrx_word' id='word_1_330' title='bbox 954 1875 1046 1899; x_wconf 71' lang='lat' dir='ltr'><strong><em>SMRB</em></strong></span> <span class='ocrx_word' id='word_1_331' title='bbox 1090 1883 1133 1906; x_wconf 82' lang='lat' dir='ltr'><strong>pu-</strong></span> 
     </span>
     <span class='ocr_line' id='line_1_36' title="bbox 191 1911 1134 1942; baseline 0.001 -8"><span class='ocrx_word' id='word_1_332' title='bbox 191 1913 269 1935; x_wconf 69' lang='lat' dir='ltr'><strong>tarunt</strong></span> <span class='ocrx_word' id='word_1_333' title='bbox 283 1912 354 1934; x_wconf 85' lang='lat' dir='ltr'><strong>BNP</strong></span> <span class='ocrx_word' id='word_1_334' title='bbox 398 1912 426 1935; x_wconf 81' lang='lat'><strong>28</strong></span> <span class='ocrx_word' id='word_1_335' title='bbox 443 1912 620 1942; x_wconf 78' lang='lat' dir='ltr'><strong>dsmpnsuerunt</strong></span> <span class='ocrx_word' id='word_1_336' title='bbox 635 1911 686 1940; x_wconf 89' lang='grc' dir='ltr'><strong>ΙΖβ</strong></span> <span class='ocrx_word' id='word_1_337' title='bbox 734 1913 763 1935; x_wconf 80' lang='lat'><strong>24</strong></span> <span class='ocrx_word' id='word_1_338' title='bbox 779 1913 960 1942; x_wconf 67' lang='lat' dir='ltr'><strong>aequ-uenerunt</strong></span> <span class='ocrx_word' id='word_1_339' title='bbox 974 1912 994 1935; x_wconf 78' lang='lat' dir='ltr'><em>S</em></span> <span class='ocrx_word' id='word_1_340' title='bbox 1007 1919 1134 1942; x_wconf 66' lang='lat' dir='ltr'><strong>sequane·-</strong></span> 
     </span>
     <span class='ocr_line' id='line_1_37' title="bbox 191 1948 684 1978; baseline 0.002 -7"><span class='ocrx_word' id='word_1_341' title='bbox 191 1950 243 1971; x_wconf 79' lang='lat' dir='ltr'><strong>runt</strong></span> <span class='ocrx_word' id='word_1_342' title='bbox 257 1948 280 1971; x_wconf 78' lang='lat'><strong>1?</strong></span> <span class='ocrx_word' id='word_1_343' title='bbox 296 1950 449 1978; x_wconf 71' lang='lat' dir='ltr'><strong>aequauerant</strong></span> <span class='ocrx_word' id='word_1_344' title='bbox 463 1949 527 1978; x_wconf 85' lang='lat' dir='ltr'><strong>(runt</strong></span> <span class='ocrx_word' id='word_1_345' title='bbox 540 1949 566 1972; x_wconf 69' lang='lat' dir='ltr'><strong>dn</strong></span> <span class='ocrx_word' id='word_1_346' title='bbox 580 1951 637 1977; x_wconf 70' lang='lat' dir='ltr'><strong>rac.)</strong></span> <span class='ocrx_word' id='word_1_347' title='bbox 653 1949 684 1972; x_wconf 79' lang='lat' dir='ltr'><strong><em>M</em></strong></span> 
     </span>
    </p>
   </div>
  </div>
 </body>
</html>
