1355 2653
594 568 630 591 de
652 568 822 597 patienti·
1122 571 1176 598 679

235 657 290 676 nec
309 656 343 676 es
361 656 437 683 quae
456 647 486 674 in
505 647 616 675 mundo
632 649 712 675 sunt.
732 648 844 683 siquis
861 648 1008 676 dilexerit
1021 649 1175 682 mundum,

235 692 368 721 dilectio
391 691 490 727 patris
513 699 569 719 non
593 693 640 719 est
663 692 692 719 in
711 692 792 727 ipso,
819 693 962 727 quoniam
986 701 1071 721 omne
1095 693 1175 728 quod

235 739 283 765 est
306 737 336 766 in
358 736 477 769 mundo,
504 736 760 771 concupiscentis
782 737 884 765 carnis
908 738 956 764 est
979 739 1009 764 et
1031 737 1175 772 concupi-

235 781 356 809 scentia
381 781 541 808 oculorum
568 782 598 807 et
624 781 753 808 ambitio
781 781 915 809 sacculi:
943 788 1020 816 quse
1046 789 1104 809 nou
1128 782 1176 809 est

205 835 218 853 s
234 833 267 853 ex
289 827 384 860 patre,
412 824 468 852 sed
490 832 523 851 ex
545 824 658 852 mundo
681 826 736 852 cst.
762 825 828 852 haec
850 825 933 861 igitur
954 825 1174 860 concupiscentia,

233 877 300 904 quae
319 877 369 897 non
389 870 430 896 est
444 877 474 896 ex
490 870 572 904 patre,
590 868 636 896 sed
651 877 681 896 ex
696 869 803 902 mundo,
818 869 920 904 qnando
936 869 1016 896 fuerit
1029 869 1056 896 in
1071 869 1175 896 homine

232 913 413 941 uehementior
431 914 459 940 et
477 912 616 945 ardentior,
635 914 708 940 tanto
726 913 758 940 fit
776 913 887 948 quisque
905 922 952 949 pro
972 921 1011 946 eo,
1031 913 1101 948 quod
1116 921 1175 941 con·

232 957 354 993 cupiscit,
378 957 493 984 omnium
513 957 693 984 molestiarum
714 957 885 992 dolorumque
903 958 1051 993 patientior.
1068 957 1174 990 idcirco.

232 1002 304 1029 sicut
324 1009 404 1036 supra
422 1000 543 1033 diximus.
567 1009 617 1029 uon
637 1002 679 1028 est
696 1001 749 1029 ista
766 1001 893 1036 patientia
911 1002 1051 1029 desursum
1069 1001 1174 1030 descen-

194 1057 217 1074 ιο
232 1045 308 1077 dens:
328 1045 456 1081 patientia
474 1053 536 1072 uero
555 1045 658 1080 piorum
675 1045 813 1073 desursum
829 1047 870 1074 est
888 1045 1047 1073 descendens
1067 1053 1083 1072 a
1100 1047 1175 1080 patre

230 1090 478 1124 luminum-itaque
498 1089 544 1116 illa
562 1090 663 1117 terrena
682 1092 731 1122 ost,
752 1090 806 1117 ista
828 1090 957 1122 caelestis.
981 1090 1028 1117 illa
1046 1090 1173 1122 animalis,

230 1134 283 1161 ista
308 1134 443 1169 spiritalis,
469 1134 516 1161 illa
539 1133 677 1166 diabolica,
703 1134 756 1161 ista
778 1134 877 1167 deifica,
905 1134 1025 1169 quoniam
1053 1134 1174 1168 concupi-

230 1178 338 1212 scentia,
358 1185 411 1212 qua
428 1178 467 1210 fit,
486 1179 517 1205 ut
535 1180 672 1213 peccantes
692 1178 779 1205 omnia
797 1178 964 1213 pertinaciter
981 1178 1121 1213 patiantur.
1144 1185 1174 1205 ex

231 1222 328 1250 mundo
351 1223 405 1254 est;
427 1222 522 1249 caritas
546 1223 641 1255 autem,
664 1230 716 1257 qna
737 1223 776 1255 fit.
798 1224 830 1249 ut
850 1224 922 1250 recte
944 1222 1065 1249 uiuentes
1088 1222 1175 1249 omnia

193 1278 214 1294 ιι
230 1266 334 1293 fortiter
351 1265 490 1300 patiantur,
521 1274 551 1293 ex
573 1266 622 1293 deo
649 1268 698 1294 ost.
726 1268 753 1294 et
777 1266 835 1294 ideo
861 1267 901 1294 illi
928 1266 1008 1294 salsae
1034 1266 1174 1300 patientiae

229 1312 319 1345 potest
344 1310 400 1337 sine
431 1310 559 1337 adiutorio
586 1310 628 1337 dei
654 1310 778 1337 uoluntas
807 1310 921 1338 humana
951 1310 1071 1338 sufficere
1100 1312 1174 1337 tanto

222 1355 327 1387 -durior,
358 1356 454 1389 quanto
482 1354 611 1389 cupidior,
638 1356 665 1381 et
691 1356 724 1382 eo*
747 1355 911 1383 tolerabilius
937 1355 1006 1382 mala
1031 1354 1195 1387 sustinens‚'
1225 1362 1228 1365 ’

230 1406 281 1433 quo
304 1399 362 1433 ipsa
379 1398 410 1425 fit
428 1399 512 1433 peior;
537 1398 598 1425 huic
618 1400 714 1432 autem,
735 1407 802 1433 quae
820 1407 883 1426 uera
900 1399 1028 1434 patientia
1046 1400 1096 1431 est,
1115 1398 1174 1426 ideo

229 1443 353 1470 noluntas
371 1442 493 1475 humana.
513 1443 563 1470 nisi
583 1443 694 1477 desuper
714 1443 804 1470 adiuta
822 1444 849 1470 ct
868 1443 1035 1474 inflammata,
1055 1450 1105 1470 non
1121 1442 1175 1470 suf-

190 1498 214 1515 ιο
230 1486 294 1519 ficit,
320 1486 380 1521 qnia
404 1487 512 1521 spiritus
536 1489 642 1514 sanctus
666 1489 708 1514 est
728 1487 798 1522 ignis
824 1487 890 1520 eius,
918 1495 969 1522 quo
992 1487 1044 1514 nisi
1067 1494 1176 1514 accensa

230 1531 325 1565 diligat
337 1531 490 1565 inpassibile
505 1531 610 1563 bonum.
625 1531 692 1559 ferro
706 1539 758 1559 non
772 1532 862 1565 potest
876 1531 946 1566 quod
956 1531 1056 1566 patitur
1066 1531 1174 1558 malum.

265 1574 362 1602 XVIII.
387 1575 429 1602 15.
452 1574 529 1602 Sicut
550 1575 618 1602 enim
643 1575 732 1603 diuina
751 1577 882 1603 testantur
899 1575 1012 1610 eloquia,
1035 1574 1110 1602 deus
1130 1582 1174 1602 ca-

229 1618 310 1645 ritas
334 1620 390 1650 est.
413 1620 444 1645 et
467 1619 519 1653 qui
542 1620 645 1646 manet
667 1619 696 1646 in
721 1619 862 1651 caritate.
885 1619 915 1646 in
935 1619 990 1646 deo
1009 1621 1119 1652 manet,
1144 1620 1175 1646 et

230 1662 305 1690 deus
329 1662 359 1689 in
382 1662 440 1689 illo
464 1664 573 1690 manet.
602 1663 722 1697 quisquis
744 1670 806 1698 crgo
830 1663 962 1690 contendit
984 1663 1073 1690 haberi
1095 1670 1174 1698 posse

303 1760 332 1782 22
347 1759 358 1782 Ι
373 1759 421 1782 Iob.
436 1760 459 1783 4.
477 1760 504 1782 16

258 1818 272 1840 2
288 1818 347 1847 ipso]
363 1824 390 1840 co
404 1817 453 1841 ὈΥ
532 1818 636 1847 quoniam
652 1817 683 1840 L:
699 1818 752 1847 quia
767 1817 1048 1847 SAFPBNDOVW-fbd
1121 1820 1134 1842 3
1149 1819 1172 1841 in

229 1855 312 1878 mundo
328 1856 364 1878 est
378 1854 634 1883 SAFPBNDOWM
716 1857 756 1877 ant
771 1855 952 1884 concupiscentie
970 1855 1000 1877 W
1083 1856 1172 1887 cucupi-

229 1892 315 1914 scentia
333 1891 355 1914 V
405 1892 419 1914 ὀ
441 1898 466 1914 ex
478 1892 526 1921 pt]
547 1897 573 1919 ex
590 1898 604 1914 ι
618 1891 637 1914 S
655 1899 668 1914 a
682 1891 756 1914 ANV
772 1891 799 1914 de
816 1891 972 1920 FBPDOWT
1031 1894 1068 1915 est
1081 1899 1123 1915 om.
1138 1892 1173 1915 N¹

229 1927 397 1951 neec-mundo
410 1935 454 1951 on.
470 1928 526 1951 LN¹
570 1928 584 1951 6
600 1927 628 1951 dc
643 1930 707 1958 patre
718 1928 741 1951 Β
756 1936 769 1951 ι
784 1930 848 1958 patre
864 1929 884 1951 V
927 1929 940 1951 7
956 1928 1052 1958 cupiscit
1064 1928 1107 1951 Ls
1120 1935 1172 1951 con-

230 1965 330 1994 cupiscet
344 1964 401 1987 AN¹
453 1965 467 1988 8
482 1965 562 1988 iccirco
582 1965 604 1987 V
656 1966 681 1988 11
698 1967 734 1988 est
747 1972 789 1988 om.
805 1965 831 1988 D
875 1966 902 1988 12
918 1965 998 1988 dieflca
1012 1964 1033 1988 8
1075 1965 1103 1988 13
1118 1965 1171 1994 qua]

230 2009 273 2031 que
292 2001 314 2023 V
373 2002 399 2025 15
415 2002 530 2031 patiantur
544 2002 634 2025 sortiter
647 2009 660 2031 γ
726 2002 777 2025 ideo
792 2008 835 2024 om.
856 2002 887 2024 W
948 2002 989 2026 iu·
1003 2002 1022 2025 S
1082 2003 1109 2025 16
1124 2002 1172 2025 sinc

230 2038 342 2061 adiutorio
358 2038 393 2061 dei
409 2040 485 2068 potest
502 2038 522 2061 0
580 2038 616 2061 dei
632 2045 674 2062 om.
691 2038 733 2061 SV
791 2039 819 2061 18
834 2039 894 2068 qnod
908 2039 931 2062 L
992 2039 1055 2069 peior
1068 2039 1095 2062 in
1110 2042 1173 2062 textu

230 2081 267 2101 επ,
282 2075 308 2097 in
323 2082 364 2104 my.
381 2074 435 2099 add.
450 2075 473 2098 L
539 2076 606 2104 quae]
623 2082 666 2104 quo
681 2074 709 2098 N
713 2074 732 2096 V
794 2078 830 2099 est
845 2077 955 2106 patientie
969 2077 993 2099 B
1053 2077 1079 2098 19
1095 2077 1172 2099 adiuta

229 2118 272 2134 om.
292 2111 320 2134 W
378 2112 408 2134 20
422 2112 483 2141 ignis
498 2112 546 2134 eius
561 2113 597 2134 est
610 2111 636 2134 D
694 2112 720 2135 21
738 2112 870 2142 inpossibile
883 2113 933 2136 NV
975 2114 1004 2136 22
1019 2114 1172 2142 protestantur

229 2147 289 2177 FDs
348 2149 377 2171 24
392 2148 440 2178 ino]
456 2156 481 2171 eo
497 2148 655 2177 FDOPBWs
722 2153 799 2173 manet
815 2150 856 2173 del.
872 2157 899 2173 m.
916 2152 932 2172 2
949 2150 968 2173 O
982 2157 1024 2174 om.
1044 2150 1076 2173 W
1131 2150 1171 2173 hn-

229 2184 282 2207 bere
298 2184 380 2208 LN¹V
437 2192 461 2208 se
475 2192 541 2214 posse
561 2185 581 2207 V
