1355 2653
191 364 244 391 488
482 363 504 385 S.
528 362 641 385 Aureli
662 361 842 391 Augustini

191 445 214 471 ei
241 445 378 478 propterea
404 443 475 470 iusta
502 445 565 469 eunt
590 450 640 469 non
667 442 878 476 qualiacumque,
905 442 951 469 sed
982 442 1133 477 blasphema

191 487 334 519 mendacia,
355 487 416 521 quia
434 487 483 514 hoc
504 487 590 513 animo
610 486 685 518 fiunt,
704 489 735 513 ut
754 486 851 513 occulti
870 486 995 513 haeretici
1014 486 1134 522 detegan-

191 534 234 558 tur
268 533 393 565 poterunt
418 531 469 557 isto
497 530 583 562 modo,
611 530 634 557 si
657 530 748 557 eodem
776 530 861 557 animo
884 530 955 563 fiant,
979 532 1052 558 casta
1078 538 1134 558 esse

191 575 327 602 adulteria.
348 575 429 609 quid?
448 575 471 601 ei
491 574 560 601 enim
580 582 608 601 ex
629 582 735 601 numero
755 574 1012 602 Priscillianistarum
1032 575 1134 609 inpudi-

192 628 281 646 carum
309 619 397 653 aliqua
422 619 519 648 femina
545 618 637 645 iniciat
663 619 769 645 oculum
796 619 823 645 in
850 619 1008 646 catholicum
1039 618 1134 653 Ioseph
1162 625 1179 641 ¹·

192 664 268 697 eique
298 663 436 698 promittat
465 662 626 697 prodituram
657 670 685 689 se
712 662 826 689 latebras
853 671 952 695 eorum,
979 663 1003 690 si
1030 663 1062 690 ab
1088 663 1134 690 illo

191 707 362 742 inpetrauerit
389 708 518 741 stuprum,
546 707 698 740 certumque
725 706 761 732 sit
786 714 851 737 eam,
879 706 902 734 si
927 707 952 734 ei
977 715 1135 734 consensum

192 752 278 782 fuerit,
299 751 369 785 quod
384 751 502 785 pollicita
518 752 560 777 est
575 749 740 785 inpleturum,
756 750 937 778 faciendumne
953 751 1136 778 censebimus?

192 804 223 823 an
243 795 426 830 intellegemus
446 802 609 828 nequaquam
629 794 675 821 tali
695 794 778 828 pretio
797 802 898 822 merces
916 795 974 822 eius
989 795 1062 823 modi
1077 803 1136 823 con-

158 835 161 839 ’
192 840 336 874 parandas?
357 847 403 865 cur
422 846 484 873 ergo
503 846 553 865 non
573 839 686 866 emimus
702 839 841 872 capiendos
857 839 1002 867 haereticos
1017 847 1094 867 carne
1109 839 1135 867 in

192 883 350 910 adulterium
370 882 499 909 defluente
519 884 545 909 et
564 881 687 909 emendos
709 884 833 917 putamus
857 891 900 910 ore
923 883 949 910 in
971 883 1137 918 blasphemia

192 927 352 955 fornicante?
372 929 418 953 aut
437 926 505 953 enim
525 926 616 953 licebit
635 927 776 960 utrumque
795 927 852 961 pari
869 927 970 954 ratione
989 927 1135 959 defendere.

193 973 223 998 ut
245 971 303 998 ideo
327 971 391 997 haec
415 979 464 998 non
488 978 547 997 esse
570 970 690 997 dicantur
711 970 819 1003 iniusta,
842 971 904 1005 quia
926 979 957 998 ea
977 971 1049 998 factu
1074 972 1137 998 sunt

193 1014 343 1046 intentione,
363 1022 416 1048 qua
435 1014 703 1048 conprehenderentur
717 1014 816 1046 iniusti,
832 1017 886 1048 eut,
903 1014 925 1041 si
941 1023 1004 1042 sana
1018 1014 1137 1042 doctrina

193 1066 240 1085 nee
263 1060 368 1093 propter
390 1058 560 1085 inueniendos
583 1058 728 1085 haereticos
751 1059 812 1085 uult
830 1067 880 1086 nos
896 1066 957 1086 cum
975 1058 1081 1086 feminis
1099 1060 1137 1087 in·
1150 1066 1192 1083 :³-

193 1102 296 1137 pudicis
327 1103 420 1133 saltem
452 1110 565 1137 corpore,
598 1110 646 1129 non
677 1104 765 1129 mente
798 1102 911 1136 misceri,
941 1103 1059 1137 profecto
1088 1111 1137 1131 nec

193 1148 297 1181 propter
315 1146 487 1173 inueni¹endos
509 1146 652 1173 haereticos
673 1147 732 1174 uult
750 1155 766 1174 a
784 1146 859 1174 nobis
878 1147 973 1174 saltem
991 1155 1067 1180 uoce,
1085 1155 1136 1174 non

194 1192 280 1218 mente
300 1192 346 1217 aut
364 1191 514 1217 inmundum
535 1191 663 1217 haeresim
683 1190 826 1226 praedicari
844 1192 891 1218 aut
909 1192 1009 1218 caetum
1028 1191 1137 1219 catholi-

194 1243 250 1261 cam
271 1235 454 1270 blasphemari,
475 1235 537 1269 quia
555 1236 582 1261 et
600 1235 688 1269 ipsum
708 1235 803 1262 mentis
825 1234 973 1269 imperium,
993 1235 1036 1262 cui
1059 1235 1137 1262 debet

194 1279 278 1306 omnis
306 1278 411 1305 inferior
437 1280 525 1305 motus
552 1278 665 1305 hominis
692 1278 821 1310 oboedire,
848 1278 926 1314 digno
957 1287 1007 1307 non
1038 1279 1192 1307 carebit-

195 1322 341 1357 obprobrio,
362 1321 464 1356 quando
484 1321 522 1353 fit,
543 1321 612 1356 quod
631 1322 687 1349 fieri
706 1330 756 1349 non
776 1323 879 1357 oportet
893 1330 941 1350 seu
956 1323 1072 1350 membro
1088 1331 1137 1350 eeu

195 1366 282 1393 uerbo.
302 1373 461 1400 quamquam
481 1365 561 1392 etiam
581 1373 640 1392 cum
659 1366 739 1392 uerbo
759 1366 797 1398 fit,
817 1366 934 1394 membro
956 1366 995 1398 fit.
1014 1366 1136 1401 quoniam

193 1410 284 1445 lingua
314 1409 460 1436 membrum
491 1411 540 1442 est,
567 1417 619 1444 qua
649 1409 678 1436 fit
704 1409 826 1441 uerbum3
853 1418 901 1437 neo
926 1410 1011 1437 ullum
1037 1410 1135 1438 factum

225 1497 235 1519 1
252 1496 306 1525 non]
323 1496 346 1518 in
365 1496 386 1518 T
473 1503 497 1518 se
513 1504 527 1525 φ
602 1496 616 1518 3
631 1497 754 1525 potuerunt
768 1495 813 1518 ΓΙ,
827 1497 946 1525 pot-erunt
960 1496 983 1519 Ρ
996 1498 1090 1525 potrunt
1107 1497 1136 1520 Τί

193 1534 207 1555 4
224 1533 281 1555 enirn
296 1532 316 1555 ei
333 1531 346 1560 β
391 1533 405 1554 5
421 1532 508 1555 oculum
524 1539 566 1555 om.
586 1531 608 1554 V
663 1532 741 1561 ioseph
757 1532 893 1555 catholicum
907 1532 930 1555 V
968 1534 982 1556 6
997 1533 1135 1562 proditurum

194 1576 218 1592 se
236 1569 316 1592 TVGh
391 1570 404 1592 7
420 1576 447 1591 ea.
465 1569 486 1591 Τ
547 1569 567 1591 ei
583 1576 625 1591 mn.
645 1569 667 1590 V
724 1576 852 1592 concessum
866 1576 880 1598 γ
953 1569 967 1592 8
982 1570 1107 1599 pollicitum
1122 1578 1136 1600 γ

194 1606 314 1636 impletura
332 1606 353 1628 T
425 1607 439 1628 9
453 1606 608 1635 intellegimus
623 1606 651 1628 1²>
706 1606 792 1635 praetio
807 1606 830 1629 R
892 1607 980 1629 mentes
993 1615 1006 1636 γ
1069 1607 1136 1629 buius

194 1642 255 1665 modi
275 1642 295 1665 V
355 1643 382 1665 10
398 1649 455 1672 quur
469 1642 493 1666 P
553 1649 597 1666 non
614 1643 716 1672 emimus]
731 1649 804 1665 nonne
819 1643 892 1666 minus
910 1643 933 1665 V
945 1643 1047 1666 uenimus
1063 1643 1077 1672 β
1091 1651 1136 1666 non

195 1678 291 1702 emimus
306 1679 324 1701 d
383 1680 408 1701 11
426 1679 550 1702 adultorum
568 1679 602 1702 ch
617 1679 739 1702 adulteris·
750 1679 774 1702 R
833 1681 857 1702 et
871 1679 986 1713 emendet]
1002 1683 1047 1708 qu&
1062 1684 1136 1703 emen·

195 1715 235 1738 dos
254 1715 276 1737 V
290 1717 313 1739 et
328 1715 437 1741 eruendos
453 1716 469 1738 d
558 1717 585 1739 12
600 1716 698 1739 ratione·
709 1724 723 1745 φ
792 1716 919 1746 defendere]
934 1716 1007 1739 fucere
1021 1717 1049 1739 in
1062 1724 1109 1740 rae.
1123 1726 1136 1747 γ

197 1753 223 1774 13
239 1753 315 1775 iuuet·
332 1752 360 1775 Τι
421 1753 459 1781 qui
477 1752 505 1775 1¹¹
551 1753 579 1775 14
594 1752 812 1781 deprehenderentur
822 1753 867 1782 Bbd
908 1754 935 1776 15
951 1753 990 1776 uul
1000 1754 1023 1776 Ρ
1066 1761 1135 1777 noe—

195 1789 244 1811 uult
255 1796 297 1812 om.
306 1789 328 1811 L
379 1796 428 1812 cum
440 1790 504 1812 multi
513 1794 523 1819 [Ι
531 1789 642 1819 inpudicis
654 1790 750 1817 sulutem
762 1798 776 1820 φ
824 1791 850 1814 16
862 1792 934 1813 entem
947 1790 990 1813 (ΙΝ
1002 1790 1078 1814 ultim
1089 1791 1136 1821 Ῡβγ

195 1825 270 1848 miseri
285 1833 298 1854 γ
358 1833 386 1849 ne
402 1825 416 1854 β
467 1827 493 1849 17
509 1826 655 1849 inueniendun
673 1827 708 1849 Ch
766 1827 816 1850 uult
831 1827 851 1855 (t
864 1834 881 1850 c.
899 1827 924 1856 1.)
939 1835 955 1856 φ
1013 1827 1090 1851 saltim
1106 1827 1136 1857 VT

195 1862 289 1890 sulutem
307 1871 320 1892 φ
379 1863 406 1885 18
421 1862 522 1886 heresem
537 1863 683 1893 RTChPssw
743 1863 871 1893 praedic-re
885 1864 930 1886 ΓΙ,
989 1867 1077 1888 cautam
1092 1864 1137 1887 ΓΙ,

195 1901 279 1922 castam
299 1901 324 1922 et
342 1900 474 1922 catholicum
495 1900 529 1927 (in
547 1907 589 1929 my.
605 1900 680 1928 fldem)
696 1908 711 1930 φ
734 1901 800 1923 fidem
819 1903 903 1924 cutum
922 1903 946 1923 et
964 1901 1097 1925 catholicum
1117 1901 1138 1924 V

197 1937 223 1958 19
240 1936 293 1965 quia
308 1943 350 1959 om.
365 1936 387 1959 L
446 1938 470 1959 et
484 1943 527 1960 om.
544 1944 557 1965 φ
614 1937 642 1959 20
657 1937 778 1960 hoboedire
793 1945 808 1968 φ
865 1938 894 1961 22
908 1938 1008 1961 membro
1023 1938 1050 1961 fit
1063 1946 1106 1962 mn.
1122 1938 1135 1967 β

196 1973 248 2001 quin
264 1973 277 2001 β
336 1973 365 1995 23
380 1973 472 1996 uerbum
488 1973 586 1996 membro
602 1973 628 1995 fit
643 1973 656 2002 β
