1355 2653
224 344 351 372 ml
608 343 785 367 Prnel'ntio.

226 425 261 451 20
281 425 354 459 (436,
374 425 420 458 20)
437 424 510 451 nulla
528 423 558 460 (n
576 424 646 451 lines.
664 424 795 452 subducte
813 423 876 460 del.)
894 425 922 451 et
941 432 967 459 p.
986 425 1049 458 436,
1068 425 1103 452 24
1122 425 1164 452 de-

225 470 300 496 mota.
313 469 498 503 expunxerunt.

189 519 208 545 φ
264 512 350 540 Codex
375 512 560 540 Riccsrdianus
586 520 611 539 n.
634 512 688 539 256
715 512 823 539 membr.
849 512 960 540 miscell.
987 520 1009 539 s.
1028 512 1165 540 VIIII—X

226 557 361 584 confectus
387 558 437 584 est.
468 557 499 584 de
524 555 659 584 mendacio
685 556 779 590 incipit
803 556 847 584 fol.
866 558 920 584 224
939 550 1009 592 (‚1nE
1023 557 1166 592 Augustini

226 601 327 628 Aurelii
348 601 416 628 liber
437 600 469 628 de
491 600 656 636 menducio’)¹
680 600 777 627 desinit
799 600 845 628 sol.
864 601 917 628 255
940 600 1018 635 (Expl
1039 600 1071 628 de
1096 609 1166 628 meu-

227 643 300 672 dscio
326 644 427 672 Aurelii
448 644 591 680 Augustini
616 644 683 672 liber
708 638 746 672 <ff
767 638 857 680 gr—as').
888 646 977 672 contre
1002 644 1165 672 mendacium

226 688 273 715 sol.
295 689 349 715 255
372 687 471 723 (Titulo
493 688 610 723 spatium
633 696 747 715 uacuum
768 688 890 716 relictum
912 688 1059 725 θεὴ-289
1076 688 1168 723 (sinit

226 732 293 760 liber
311 732 343 759 sd
359 732 527 760 Consentium
546 734 636 760 contre
653 732 839 768 menducium)
859 733 978 767 occupet.
996 732 1105 760 lacunae
1123 733 1166 760 hic

226 776 283 804 illic
305 776 381 812 signo
400 776 442 805 ·><·
462 776 611 803 indicantur
633 777 660 803 et
681 776 707 804 in
734 777 852 811 margine
879 777 1042 812 supplentur.
1070 776 1167 803 librum

227 820 293 848 satis
315 820 414 848 bonum
435 820 611 855 Hieronymus
630 820 723 847 Vitelli
746 820 858 848 contulit
876 821 919 848 cui
938 821 995 848 uiro
1015 820 1167 848 doctissimo

227 864 276 891 lisc
296 864 431 892 occasione
450 864 576 891 maximus
594 864 692 899 gratias
707 871 754 898 pro
770 864 897 899 singulari
912 864 1095 891 commoditate
1110 871 1167 899 ago.

193 906 229 933 Cv
266 908 370 936 Codicis
396 908 560 936 Cassinensis
586 916 610 935 n.
634 908 686 935 168
712 907 821 935 membr.
842 908 869 935 in
893 907 923 935 4⁰
944 908 989 936 sol.
1010 909 1064 936 114
1089 916 1110 936 s.
1130 908 1168 935 XI

229 959 273 979 ees
297 953 384 987 partas
410 952 436 979 in
463 952 654 979 adnotationem
683 952 779 986 recepi,
805 959 871 986 quas
897 952 1007 979 collatas
1022 952 1056 980 vI.
1081 952 1168 987 Egger

229 996 294 1023 mihi
311 995 428 1023 tradidit.

192 1038 213 1065 F
265 1039 352 1069 codex
377 1039 513 1068 Trocmis
539 1048 565 1069 n.
583 1039 637 1067 610
663 1039 690 1067 in
716 1040 779 1068 folio
806 1039 896 1067 s.X11
922 1039 1000 1075 (liber
1022 1032 1066 1076 ἦ
1087 1039 1168 1076 mariq

229 1084 262 1112 de
280 1084 351 1112 clera
364 1083 446 1120 nelle)
460 1084 506 1111 fol.
523 1084 666 1111 140—157
683 1084 714 1111 de
729 1084 875 1116 mendacio,
894 1084 940 1111 sol.
956 1084 1064 1111 70-89
1079 1085 1169 1111 contre

229 1128 393 1156 mendacium
412 1127 535 1156 continet.
553 1128 581 1155 in
599 1128 683 1162 priore
703 1128 830 1164 opusculo
848 1129 990 1162 perpetuus
1009 1127 1062 1155 fere
1081 1134 1168 1154 comes

230 1167 271 1199 est
293 1172 391 1199 codicis
411 1171 432 1199 S
449 1172 487 1199 ita
505 1173 591 1199 teinen
615 1172 745 1203 diuersus,
764 1173 795 1199 ut
817 1173 900 1199 errata
917 1172 1056 1207 utriusque
1075 1171 1169 1199 classis

229 1215 328 1250 passim
349 1224 410 1251 pree
432 1223 464 1244 se.
482 1216 557 1244 feret.
587 1215 658 1243 haud
676 1215 760 1243 maior
778 1215 834 1243 eius
853 1215 995 1243 auctoritas
1014 1217 1056 1242 est
1073 1215 1099 1242 in
1118 1216 1168 1242 tra-

193 1258 215 1285 1.
229 1261 301 1287 ctstu
321 1261 411 1287 contra
429 1259 601 1287 menducium.
621 1259 700 1287 huius
718 1259 868 1287 simillimus
884 1260 925 1286 est
940 1259 1020 1286 codex
1033 1258 1168 1286 Treceusis

228 1312 253 1331 ιι.
268 1304 303 1331 40
318 1303 426 1331 membr.
441 1303 552 1331 miscell.
567 1303 653 1331 forms
669 1310 764 1339 magne
783 1310 804 1330 s.
819 1302 871 1330 XI]
888 1302 1054 1330 nitidissimis
1072 1302 1169 1330 litteris

229 1347 344 1382 scriptus
366 1347 442 1375 cuins
464 1347 600 1375 uolumine
622 1347 735 1375 secundo
759 1347 808 1377 hoc
832 1346 989 1381 opusculum
1014 1347 1168 1374 continetur.

229 1399 312 1427 neque
338 1393 425 1419 tamen
450 1392 553 1427 plenem
576 1392 731 1419 uarietatem
751 1390 779 1417 in
802 1392 927 1425 apparatu
954 1390 1085 1422 adnotant
1108 1397 1169 1417 cum

229 1435 356 1463 uidissem
381 1436 451 1463 hunc
477 1435 567 1463 codice
585 1434 616 1462 F
635 1443 693 1463 esse
719 1434 881 1467 deteriorem.
904 1435 964 1469 post
991 1434 1066 1462 cuius
1090 1433 1169 1461 collu-

228 1479 327 1506 tionem
346 1479 451 1506 Troecis
470 1486 573 1506 morene
592 1479 660 1506 hunc
680 1478 834 1506 examinaui.

193 1523 214 1550 E
267 1522 353 1550 Codex
378 1523 479 1558 Regius
504 1531 528 1550 n.
556 1523 626 1551 1939
653 1531 674 1550 s.
701 1522 751 1550 XII
781 1524 922 1549 tractatum
951 1522 996 1549 fol.
1024 1522 1167 1548 123—137

231 1566 422 1601 complectitur.
452 1566 520 1593 liber
540 1566 635 1594 lecuns
655 1566 757 1594 laboret
778 1574 804 1601 p.
823 1566 886 1598 460.
908 1565 1042 1598 18-468,
1063 1565 1096 1592 19
1119 1565 1177 1592 etsi‘

231 1618 266 1637 m.
285 1611 303 1637 2
325 1610 411 1639 multa
432 1617 498 1644 quae
521 1610 607 1638 scriba
630 1610 754 1638 omiserat
770 1610 797 1637 in
817 1609 933 1645 margine
952 1609 1058 1636 addidit.
1087 1609 1171 1636 maior

232 1654 288 1681 eius
307 1654 355 1690 (=
366 1654 401 1691 R)
424 1655 465 1681 est
487 1648 629 1682 auctoritas
651 1654 678 1681 in
701 1654 828 1689 opusculo
851 1654 883 1681 de
906 1662 969 1681 cure
989 1658 1035 1688 pro
1058 1654 1170 1681 mortuis

232 1698 354 1734 gerenda.
373 1698 444 1733 quod
462 1697 507 1726 fol.
528 1698 580 1726 164
598 1706 654 1734 sqq.
674 1699 793 1734 occupat.
812 1697 970 1736 refingendo.

197 1742 212 1778 β
269 1742 355 1770 Codex
373 1742 462 1770 Vossii
480 1742 615 1771 Leidensis
638 1750 662 1770 n.
682 1743 718 1770 49
737 1751 758 1770 s.
776 1742 841 1770 xm
863 1742 976 1776 scriptus
995 1742 1021 1769 in
1039 1742 1170 1777 bipertitis

231 1786 335 1822 paginis
357 1786 403 1813 fol.
424 1786 531 1814 17-25
555 1786 587 1814 de
605 1786 750 1820 mendacio,
768 1786 814 1814 fol.
833 1786 942 1813 25—83
961 1787 1051 1813 contre
1068 1785 1172 1813 menda-

232 1830 302 1858 cium
325 1830 437 1857 exhibet.
467 1831 601 1864 praeterea
622 1830 680 1858 eius
702 1830 841 1858 lectionem
863 1829 971 1857 adhibui
993 1829 1019 1856 in
1044 1830 1171 1864 opusculo

232 1875 264 1902 de
283 1882 345 1902 curn
359 1882 406 1909 pro
421 1874 532 1901 mortuis
548 1874 667 1909 gerenda.
686 1874 753 1902 liber
766 1874 799 1901 ad
814 1873 973 1901 emendanda
987 1880 1066 1907 opera
1079 1881 1171 1907 parum

233 1918 345 1946 contulit
370 1918 421 1946 etsi
446 1926 496 1945 non
523 1918 657 1953 negandus
684 1919 725 1945 est
753 1918 833 1946 fluere
862 1917 894 1944 de
923 1917 988 1944 setis
1018 1917 1173 1952 acceptabili

234 1963 382 1997 exemplari.
